[
  {
    "technicalArticleNumber": "5383",
    "commercialArticleNumber": "5383",
    "gtin": [
      "05400141087246",
      "05400141267105",
      "15400141030126",
      "15400141267102",
      "05400141005813",
      "05400141030129",
      "05400141053838",
      "05400141080360"
    ],
    "productId": "562",
    "name": "Pils 4,4% canette",
    "description": "*Pils\n*4,4 % vol",
    "brand": "CARA",
    "seoBrand": "Cara",
    "thumbNail": "https://static.colruytgroup.com/images/200x200/std.lang.all/99/86/asset-2079986.jpg",
    "fullImage": "https://static.colruytgroup.com/images/500x500/std.lang.all/99/86/asset-2079986.jpg",
    "squareImage": "https://static.colruytgroup.com/images/500x500sq/std.lang.all/99/86/asset-2079986.jpg",
    "content": "33cl",
    "price": {
      "basicPrice": 0.387,
      "recommendedQuantity": "24.0",
      "measurementUnitPrice": 1.18,
      "measurementUnit": "L",
      "isRedPrice": false,
      "pricePerUOM": 1.18,
      "activationDate": "17-05-2025",
      "recordSource": "Offline",
      "isPromoActive": "N",
      "priceChangeCode": "E",
      "priceReason": "Reaction"
    },
    "isPriceAvailable": true,
    "channelAvailability": [
      "3_BE_STORE",
      "8_BE_STORE",
      "8_LU_STORE",
      "8_BE_COLLECT_NEXT_DAY",
      "8_BE_HOME_DELIVERY",
      "8_BE_HOME_DELIVERY_DRIVER"
    ],
    "businessDomain": "RETAIL_BE",
    "walkRouteSequenceNumber": 4091,
    "isAvailable": true,
    "inPromo": false,
    "topCategoryName": "Boissons",
    "topCategoryId": "354",
    "categories": [
      {
        "name": "Boissons",
        "id": "354",
        "children": [
          {
            "name": "Bi\u00e8res",
            "id": "389",
            "children": [
              {
                "name": "Pils",
                "id": "1551",
                "children": [
                  {
                    "name": "Pils en canettes",
                    "id": "1553"
                  }
                ]
              }
            ]
          }
        ]
      }
    ],
    "IsPrivateLabel": true,
    "amount": 0.33,
    "IsBiffe": false,
    "foodPairing": [
      "Volaille",
      "Veggie",
      "Salade",
      "Ap\u00e9ritif",
      "Poisson",
      "Fromages doux",
      "Crustac\u00e9s",
      "P\u00e2tes & pizza"
    ],
    "IsWeightArticle": false,
    "WeightconversionFactor": "0",
    "IsBio": false,
    "CountryOfOrigin": "BELGIQUE",
    "IsExclusivelySoldInLuxembourg": false,
    "OrderUnit": "P",
    "AlcoholDisclaimermsg": true,
    "ShortName": "CARA PILS4.4% CAN 33CL",
    "IsNew": false,
    "amountUnit": "kg",
    "CountryOfOriginISO": "BE",
    "EcoscoreLabel": "B",
    "ShowAlcoholLegalMsg": true,
    "LongName": "CARA Pils 4,4% canette 33cl",
    "RecentQuanityOfStockUnits": "24,1",
    "AlcoholVolume": "4.4",
    "FicCode": "I",
    "EcoscoreValue": "71"
  },
  {
    "technicalArticleNumber": "1147478",
    "commercialArticleNumber": "5341",
    "gtin": [
      "15400141266891",
      "15400141030133",
      "05400141266894",
      "05400141080339",
      "05400141030136"
    ],
    "productId": "10212",
    "name": "Pils 4,4% canette",
    "description": "*Pils\n*4,4 % vol",
    "brand": "CARA",
    "seoBrand": "Cara",
    "thumbNail": "https://static.colruytgroup.com/images/200x200/std.lang.all/93/34/asset-2099334.jpg",
    "fullImage": "https://static.colruytgroup.com/images/500x500/std.lang.all/93/34/asset-2099334.jpg",
    "squareImage": "https://static.colruytgroup.com/images/500x500sq/std.lang.all/93/34/asset-2099334.jpg",
    "content": "50cl",
    "price": {
      "basicPrice": 0.462,
      "recommendedQuantity": "24.0",
      "measurementUnitPrice": 0.93,
      "measurementUnit": "L",
      "isRedPrice": false,
      "pricePerUOM": 0.93,
      "activationDate": "11-09-2024",
      "recordSource": "Offline",
      "isPromoActive": "N",
      "priceChangeCode": "L",
      "priceReason": "Reaction"
    },
    "isPriceAvailable": true,
    "channelAvailability": [
      "8_BE_STORE",
      "8_LU_STORE",
      "8_BE_COLLECT_NEXT_DAY",
      "8_BE_HOME_DELIVERY",
      "8_BE_HOME_DELIVERY_DRIVER"
    ],
    "businessDomain": "RETAIL_BE",
    "walkRouteSequenceNumber": 4092,
    "isAvailable": true,
    "inPromo": false,
    "topCategoryName": "Boissons",
    "topCategoryId": "354",
    "categories": [
      {
        "name": "Boissons",
        "id": "354",
        "children": [
          {
            "name": "Bi\u00e8res",
            "id": "389",
            "children": [
              {
                "name": "Pils",
                "id": "1551",
                "children": [
                  {
                    "name": "Pils en canettes",
                    "id": "1553"
                  }
                ]
              }
            ]
          }
        ]
      }
    ],
    "IsPrivateLabel": true,
    "amount": 0.5,
    "IsBiffe": false,
    "foodPairing": [
      "Volaille",
      "Ap\u00e9ritif",
      "Crustac\u00e9s",
      "Fromages doux",
      "Poisson",
      "P\u00e2tes & pizza",
      "Salade",
      "Veggie"
    ],
    "IsWeightArticle": false,
    "WeightconversionFactor": "0",
    "IsBio": false,
    "CountryOfOrigin": "BELGIQUE",
    "IsExclusivelySoldInLuxembourg": false,
    "OrderUnit": "P",
    "AlcoholDisclaimermsg": true,
    "ShortName": "CARA PILS CAN 50CL",
    "IsNew": false,
    "amountUnit": "kg",
    "CountryOfOriginISO": "BE",
    "EcoscoreLabel": "C",
    "ShowAlcoholLegalMsg": true,
    "LongName": "CARA Pils 4,4% canette 50cl",
    "RecentQuanityOfStockUnits": "1,24",
    "AlcoholVolume": "4.4",
    "FicCode": "I",
    "EcoscoreValue": "49"
  },
  {
    "technicalArticleNumber": "4239805",
    "commercialArticleNumber": "19297",
    "gtin": [
      "03119783021328",
      "08712000050719",
      "08712000050702",
      "08712000050726"
    ],
    "productId": "584749",
    "name": "0.0% pils canette",
    "description": "*Bi\u00e8re blonde\n*Premium pilsener\n*Houblonn\u00e9e\n*Fruit\u00e9e\n*0,0% VOL",
    "brand": "HEINEKEN",
    "seoBrand": "Heineken",
    "thumbNail": "https://static.colruytgroup.com/images/200x200/std.lang.all/86/90/asset-3368690.jpg",
    "fullImage": "https://static.colruytgroup.com/images/500x500/std.lang.all/86/90/asset-3368690.jpg",
    "squareImage": "https://static.colruytgroup.com/images/500x500sq/std.lang.all/86/90/asset-3368690.jpg",
    "content": "33cl",
    "price": {
      "basicPrice": 0.495,
      "recommendedQuantity": "6.0",
      "measurementUnitPrice": 1.5,
      "measurementUnit": "L",
      "isRedPrice": false,
      "pricePerUOM": 1.5,
      "activationDate": "03-06-2025",
      "recordSource": "Folder",
      "isPromoActive": "N",
      "priceChangeCode": "E",
      "priceReason": "Reaction"
    },
    "isPriceAvailable": true,
    "channelAvailability": [
      "8_BE_STORE",
      "8_LU_STORE",
      "8_BE_COLLECT_NEXT_DAY",
      "8_BE_HOME_DELIVERY",
      "8_BE_HOME_DELIVERY_DRIVER"
    ],
    "businessDomain": "RETAIL_BE",
    "walkRouteSequenceNumber": 4121,
    "isAvailable": true,
    "inPromo": false,
    "topCategoryName": "Boissons",
    "topCategoryId": "354",
    "categories": [
      {
        "name": "Boissons",
        "id": "354",
        "children": [
          {
            "name": "Bi\u00e8res",
            "id": "389",
            "children": [
              {
                "name": "Bi\u00e8res sans alcool",
                "id": "398"
              }
            ]
          }
        ]
      }
    ],
    "IsPrivateLabel": false,
    "amount": 0.33,
    "IsBiffe": false,
    "foodPairing": [
      "Volaille",
      "Barbecue",
      "Ap\u00e9ritif",
      "Veggie",
      "Salade",
      "P\u00e2tes & pizza",
      "Poisson",
      "Fromages doux",
      "Desserts",
      "Crustac\u00e9s"
    ],
    "IsWeightArticle": false,
    "WeightconversionFactor": "0",
    "nutriscoreLabel": "B",
    "IsBio": false,
    "CountryOfOrigin": "BELGIQUE",
    "IsExclusivelySoldInLuxembourg": false,
    "OrderUnit": "P",
    "AlcoholDisclaimermsg": false,
    "ShortName": "HEIN 0.0% CANETTE 33CL",
    "IsNew": false,
    "amountUnit": "kg",
    "CountryOfOriginISO": "BE",
    "EcoscoreLabel": "D",
    "ShowAlcoholLegalMsg": false,
    "LongName": "HEINEKEN 0.0% pils canette 33cl",
    "RecentQuanityOfStockUnits": "1,24,6",
    "AlcoholVolume": "0",
    "FicCode": "E",
    "EcoscoreValue": "37"
  },
  {
    "technicalArticleNumber": "4824537",
    "commercialArticleNumber": "8904",
    "gtin": [
      "25400141682353",
      "05400141682359",
      "15400141682356"
    ],
    "productId": "1152034",
    "name": "0,0% canette",
    "brand": "CARA",
    "seoBrand": "Cara",
    "thumbNail": "https://static.colruytgroup.com/images/200x200/std.lang.all/55/05/asset-3615505.jpg",
    "fullImage": "https://static.colruytgroup.com/images/500x500/std.lang.all/55/05/asset-3615505.jpg",
    "squareImage": "https://static.colruytgroup.com/images/500x500sq/std.lang.all/55/05/asset-3615505.jpg",
    "content": "33cl",
    "price": {
      "basicPrice": 0.498,
      "recommendedQuantity": "6.0",
      "measurementUnitPrice": 1.51,
      "measurementUnit": "L",
      "isRedPrice": false,
      "pricePerUOM": 1.51,
      "activationDate": "15-05-2025",
      "recordSource": "Offline",
      "isPromoActive": "N",
      "priceChangeCode": "H",
      "priceReason": "Reaction"
    },
    "isPriceAvailable": true,
    "channelAvailability": [
      "3_BE_STORE",
      "8_BE_STORE",
      "8_LU_STORE",
      "8_BE_COLLECT_NEXT_DAY",
      "8_BE_HOME_DELIVERY",
      "8_BE_HOME_DELIVERY_DRIVER"
    ],
    "businessDomain": "RETAIL_BE",
    "walkRouteSequenceNumber": 4145,
    "isAvailable": true,
    "inPromo": false,
    "topCategoryName": "Boissons",
    "topCategoryId": "354",
    "categories": [
      {
        "name": "Boissons",
        "id": "354",
        "children": [
          {
            "name": "Bi\u00e8res",
            "id": "389",
            "children": [
              {
                "name": "Bi\u00e8res sans alcool",
                "id": "398"
              }
            ]
          }
        ]
      }
    ],
    "IsPrivateLabel": true,
    "amount": 0.33,
    "IsBiffe": false,
    "foodPairing": [
      "Viande blanche",
      "Veggie",
      "Salade",
      "P\u00e2tes & pizza",
      "Poisson",
      "Viande rouge",
      "Fromages doux",
      "Crustac\u00e9s",
      "Barbecue",
      "Ap\u00e9ritif",
      "Volaille",
      "Gibier"
    ],
    "IsWeightArticle": false,
    "WeightconversionFactor": "0",
    "nutriscoreLabel": "C",
    "IsBio": false,
    "CountryOfOrigin": "BELGIQUE",
    "IsExclusivelySoldInLuxembourg": false,
    "OrderUnit": "P",
    "AlcoholDisclaimermsg": false,
    "ShortName": "CARA 0.0% CAN 33CL",
    "IsNew": false,
    "amountUnit": "kg",
    "CountryOfOriginISO": "BE",
    "EcoscoreLabel": "C",
    "ShowAlcoholLegalMsg": false,
    "LongName": "CARA 0,0% canette 33cl",
    "RecentQuanityOfStockUnits": "1,6,24",
    "AlcoholVolume": "0",
    "FicCode": "I",
    "EcoscoreValue": "59"
  },
  {
    "technicalArticleNumber": "4514403",
    "commercialArticleNumber": "6644",
    "gtin": [
      "25400141471674",
      "15400141471677",
      "05400141471670"
    ],
    "productId": "746087",
    "name": "Blond Strong 8,5% can",
    "description": "*Bi\u00e8re blonde forte\n*8,5 % vol",
    "brand": "CARA",
    "seoBrand": "Cara",
    "thumbNail": "https://static.colruytgroup.com/images/200x200/std.lang.all/61/53/asset-2776153.jpg",
    "fullImage": "https://static.colruytgroup.com/images/500x500/std.lang.all/61/53/asset-2776153.jpg",
    "squareImage": "https://static.colruytgroup.com/images/500x500sq/std.lang.all/61/53/asset-2776153.jpg",
    "content": "33cl",
    "price": {
      "basicPrice": 0.56,
      "recommendedQuantity": "4.0",
      "measurementUnitPrice": 1.7,
      "measurementUnit": "L",
      "isRedPrice": false,
      "pricePerUOM": 1.7,
      "activationDate": "20-05-2025",
      "recordSource": "Offline",
      "isPromoActive": "N",
      "priceChangeCode": "L",
      "priceReason": "Reaction"
    },
    "isPriceAvailable": true,
    "channelAvailability": [
      "3_BE_STORE",
      "8_BE_STORE",
      "8_LU_STORE",
      "8_BE_COLLECT_NEXT_DAY",
      "8_BE_HOME_DELIVERY",
      "8_BE_HOME_DELIVERY_DRIVER"
    ],
    "businessDomain": "RETAIL_BE",
    "walkRouteSequenceNumber": 3888,
    "isAvailable": true,
    "inPromo": false,
    "topCategoryName": "Boissons",
    "topCategoryId": "354",
    "categories": [
      {
        "name": "Boissons",
        "id": "354",
        "children": [
          {
            "name": "Bi\u00e8res",
            "id": "389",
            "children": [
              {
                "name": "Blonde, blonde forte et triple b",
                "id": "394"
              }
            ]
          }
        ]
      }
    ],
    "IsPrivateLabel": true,
    "amount": 0.33,
    "IsBiffe": false,
    "WeightconversionFactor": "0",
    "IsWeightArticle": false,
    "IsBio": false,
    "CountryOfOrigin": "BELGIQUE",
    "IsExclusivelySoldInLuxembourg": false,
    "OrderUnit": "P",
    "ShortName": "CARA BLOND STRON.CAN33C",
    "AlcoholDisclaimermsg": true,
    "IsNew": false,
    "amountUnit": "kg",
    "CountryOfOriginISO": "BE",
    "EcoscoreLabel": "D",
    "ShowAlcoholLegalMsg": true,
    "LongName": "CARA Blond Strong 8,5% can 33cl",
    "RecentQuanityOfStockUnits": "4,24,1",
    "AlcoholVolume": "8.5",
    "FicCode": "I",
    "EcoscoreValue": "37"
  },
  {
    "technicalArticleNumber": "5267",
    "commercialArticleNumber": "5267",
    "gtin": [
      "05410263006346",
      "05410263006353",
      "05410263915839",
      "05410263917529",
      "05410263917543",
      "05410263917581",
      "05410263924008",
      "05410263923889"
    ],
    "productId": "468",
    "name": "pils 5,2% can",
    "description": "*Bi\u00e8re blonde\n*Pils belge\n*Houblonn\u00e9e\n*Houblon Saaz\n*5,2% VOL",
    "brand": "MAES",
    "seoBrand": "Maes",
    "thumbNail": "https://static.colruytgroup.com/images/200x200/std.lang.all/27/47/asset-3822747.jpg",
    "fullImage": "https://static.colruytgroup.com/images/500x500/std.lang.all/27/47/asset-3822747.jpg",
    "squareImage": "https://static.colruytgroup.com/images/500x500sq/std.lang.all/27/47/asset-3822747.jpg",
    "content": "33cl",
    "price": {
      "basicPrice": 0.619,
      "recommendedQuantity": "15.0",
      "measurementUnitPrice": 1.88,
      "measurementUnit": "L",
      "isRedPrice": false,
      "pricePerUOM": 1.88,
      "activationDate": "04-06-2025",
      "recordSource": "Folder",
      "isPromoActive": "Y",
      "priceChangeCode": "L",
      "priceReason": "Reaction"
    },
    "isPriceAvailable": true,
    "channelAvailability": [
      "3_BE_STORE",
      "8_BE_STORE",
      "8_LU_STORE",
      "8_BE_COLLECT_NEXT_DAY",
      "8_BE_HOME_DELIVERY",
      "8_BE_HOME_DELIVERY_DRIVER"
    ],
    "businessDomain": "RETAIL_BE",
    "walkRouteSequenceNumber": 4104,
    "isAvailable": true,
    "inPromo": true,
    "promotion": [
      {
        "techPromoId": "101248COLR",
        "promotionId": "101248",
        "promotionType": "4",
        "isPersonalized": "N",
        "publicationStartDate": "04-06-2025",
        "publicationEndDate": "17-06-2025",
        "topPromo": false
      }
    ],
    "topCategoryName": "Boissons",
    "topCategoryId": "354",
    "categories": [
      {
        "name": "Boissons",
        "id": "354",
        "children": [
          {
            "name": "Bi\u00e8res",
            "id": "389",
            "children": [
              {
                "name": "Pils",
                "id": "1551",
                "children": [
                  {
                    "name": "Pils en canettes",
                    "id": "1553"
                  }
                ]
              }
            ]
          }
        ]
      }
    ],
    "IsPrivateLabel": false,
    "amount": 0.33,
    "IsBiffe": false,
    "foodPairing": [
      "Volaille",
      "Veggie",
      "Salade",
      "P\u00e2tes & pizza",
      "Poisson",
      "Fruits de mer",
      "Fromages doux",
      "Ap\u00e9ritif"
    ],
    "IsWeightArticle": false,
    "WeightconversionFactor": "0",
    "IsBio": false,
    "CountryOfOrigin": "BELGIQUE",
    "IsExclusivelySoldInLuxembourg": false,
    "OrderUnit": "P",
    "AlcoholDisclaimermsg": true,
    "ShortName": "MAES PILS CAN 33CL",
    "IsNew": false,
    "amountUnit": "kg",
    "CountryOfOriginISO": "BE",
    "EcoscoreLabel": "D",
    "ShowAlcoholLegalMsg": true,
    "LongName": "MAES pils 5,2% can 33cl",
    "RecentQuanityOfStockUnits": "1,15,30",
    "AlcoholVolume": "5.2",
    "FicCode": "E",
    "EcoscoreValue": "37"
  },
  {
    "technicalArticleNumber": "4519167",
    "commercialArticleNumber": "7762",
    "gtin": [
      "25400141470974",
      "05400141470970",
      "15400141470977",
      "05400141905328",
      "15400141905325",
      "25400141905322"
    ],
    "productId": "748863",
    "name": "Rouge Strong 7,5% can",
    "description": "*Bi\u00e8re au go\u00fbt de\ncerise\n*Rouge\n*7,5 % vol",
    "brand": "CARA",
    "seoBrand": "Cara",
    "thumbNail": "https://static.colruytgroup.com/images/200x200/std.lang.all/61/54/asset-2776154.jpg",
    "fullImage": "https://static.colruytgroup.com/images/500x500/std.lang.all/61/54/asset-2776154.jpg",
    "squareImage": "https://static.colruytgroup.com/images/500x500sq/std.lang.all/61/54/asset-2776154.jpg",
    "content": "33cl",
    "price": {
      "basicPrice": 0.697,
      "recommendedQuantity": "4.0",
      "measurementUnitPrice": 2.12,
      "measurementUnit": "L",
      "isRedPrice": false,
      "pricePerUOM": 2.12,
      "activationDate": "02-06-2025",
      "recordSource": "Offline",
      "isPromoActive": "N",
      "priceChangeCode": "E",
      "priceReason": "Reaction"
    },
    "isPriceAvailable": true,
    "channelAvailability": [
      "3_BE_STORE",
      "8_BE_STORE",
      "8_LU_STORE",
      "8_BE_COLLECT_NEXT_DAY",
      "8_BE_HOME_DELIVERY",
      "8_BE_HOME_DELIVERY_DRIVER"
    ],
    "businessDomain": "RETAIL_BE",
    "walkRouteSequenceNumber": 4058,
    "isAvailable": true,
    "inPromo": false,
    "topCategoryName": "Boissons",
    "topCategoryId": "354",
    "categories": [
      {
        "name": "Boissons",
        "id": "354",
        "children": [
          {
            "name": "Bi\u00e8res",
            "id": "389",
            "children": [
              {
                "name": "Bi\u00e8re blanche, bi\u00e8re aux fruits et bi",
                "id": "395"
              }
            ]
          }
        ]
      }
    ],
    "IsPrivateLabel": true,
    "amount": 0.33,
    "IsBiffe": false,
    "WeightconversionFactor": "0",
    "IsWeightArticle": false,
    "IsBio": false,
    "CountryOfOrigin": "BELGIQUE",
    "IsExclusivelySoldInLuxembourg": false,
    "OrderUnit": "P",
    "ShortName": "CARA ROUGE STRO.CAN33CL",
    "AlcoholDisclaimermsg": true,
    "IsNew": false,
    "amountUnit": "kg",
    "CountryOfOriginISO": "BE",
    "EcoscoreLabel": "D",
    "ShowAlcoholLegalMsg": true,
    "LongName": "CARA Rouge Strong 7,5% can 33cl",
    "RecentQuanityOfStockUnits": "24,1,4",
    "AlcoholVolume": "7.5",
    "FicCode": "I",
    "EcoscoreValue": "37"
  },
  {
    "technicalArticleNumber": "4242948",
    "commercialArticleNumber": "19776",
    "gtin": [
      "05410228268574",
      "05410228272793",
      "05410228272809"
    ],
    "productId": "586597",
    "name": "Pils 5,2% can",
    "description": "*Pilsbier\n*5,2 % vol",
    "brand": "JUPILER",
    "seoBrand": "Jupiler",
    "thumbNail": "https://static.colruytgroup.com/images/200x200/std.lang.all/12/62/asset-2091262.jpg",
    "fullImage": "https://static.colruytgroup.com/images/500x500/std.lang.all/12/62/asset-2091262.jpg",
    "squareImage": "https://static.colruytgroup.com/images/500x500sq/std.lang.all/12/62/asset-2091262.jpg",
    "content": "25cl",
    "price": {
      "basicPrice": 0.915,
      "recommendedQuantity": "12.0",
      "measurementUnitPrice": 3.66,
      "measurementUnit": "L",
      "isRedPrice": false,
      "pricePerUOM": 3.66,
      "activationDate": "30-05-2025",
      "recordSource": "Offline",
      "isPromoActive": "N",
      "priceChangeCode": "E",
      "priceReason": "Reaction"
    },
    "isPriceAvailable": true,
    "channelAvailability": [
      "8_BE_STORE",
      "8_BE_COLLECT_NEXT_DAY",
      "8_BE_HOME_DELIVERY",
      "8_BE_HOME_DELIVERY_DRIVER"
    ],
    "businessDomain": "RETAIL_BE",
    "walkRouteSequenceNumber": 3902,
    "isAvailable": true,
    "inPromo": false,
    "topCategoryName": "Boissons",
    "topCategoryId": "354",
    "categories": [
      {
        "name": "Boissons",
        "id": "354",
        "children": [
          {
            "name": "Bi\u00e8res",
            "id": "389",
            "children": [
              {
                "name": "Pils",
                "id": "1551",
                "children": [
                  {
                    "name": "Pils en canettes",
                    "id": "1553"
                  }
                ]
              }
            ]
          }
        ]
      }
    ],
    "IsPrivateLabel": false,
    "amount": 0.25,
    "IsBiffe": false,
    "foodPairing": [
      "Ap\u00e9ritif",
      "Volaille",
      "Veggie",
      "Salade",
      "Poisson",
      "Fromages doux",
      "Crustac\u00e9s"
    ],
    "IsWeightArticle": false,
    "WeightconversionFactor": "0",
    "IsBio": false,
    "CountryOfOrigin": "BELGIQUE",
    "IsExclusivelySoldInLuxembourg": false,
    "OrderUnit": "P",
    "AlcoholDisclaimermsg": true,
    "InSeason": true,
    "ShortName": "JUPI PILS CAN 25CL",
    "IsNew": false,
    "amountUnit": "kg",
    "CountryOfOriginISO": "BE",
    "ShowAlcoholLegalMsg": true,
    "LongName": "JUPILER Pils 5,2% can 25cl",
    "RecentQuanityOfStockUnits": "24,1,12",
    "AlcoholVolume": "5.2",
    "StartSeasonDate": "13/03/2025",
    "FicCode": "E"
  },
  {
    "technicalArticleNumber": "4678515",
    "commercialArticleNumber": "22042",
    "gtin": [
      "05411616008277",
      "05411616008284",
      "05411616008291"
    ],
    "productId": "836164",
    "name": "Av. Belgian pils 5,2% can",
    "description": "*Pils\n*5,2% vol",
    "brand": "TOUT BIEN",
    "seoBrand": "Tout Bien",
    "thumbNail": "https://static.colruytgroup.com/images/200x200/std.lang.all/48/76/asset-3424876.jpg",
    "fullImage": "https://static.colruytgroup.com/images/500x500/std.lang.all/48/76/asset-3424876.jpg",
    "squareImage": "https://static.colruytgroup.com/images/500x500sq/std.lang.all/48/76/asset-3424876.jpg",
    "content": "33cl",
    "price": {
      "basicPrice": 0.965,
      "recommendedQuantity": "6.0",
      "measurementUnitPrice": 2.93,
      "measurementUnit": "L",
      "isRedPrice": false,
      "pricePerUOM": 2.93,
      "activationDate": "17-04-2025",
      "recordSource": "Offline",
      "isPromoActive": "N",
      "priceChangeCode": "H",
      "priceReason": "Reaction"
    },
    "isPriceAvailable": true,
    "channelAvailability": [
      "3_BE_STORE",
      "8_BE_STORE",
      "8_LU_STORE",
      "8_BE_COLLECT_NEXT_DAY",
      "8_BE_HOME_DELIVERY",
      "8_BE_HOME_DELIVERY_DRIVER"
    ],
    "businessDomain": "RETAIL_BE",
    "walkRouteSequenceNumber": 4100,
    "isAvailable": true,
    "inPromo": false,
    "topCategoryName": "Boissons",
    "topCategoryId": "354",
    "categories": [
      {
        "name": "Boissons",
        "id": "354",
        "children": [
          {
            "name": "Bi\u00e8res",
            "id": "389",
            "children": [
              {
                "name": "Pils",
                "id": "1551",
                "children": [
                  {
                    "name": "Pils en canettes",
                    "id": "1553"
                  }
                ]
              }
            ]
          }
        ]
      }
    ],
    "IsPrivateLabel": false,
    "amount": 0.33,
    "IsBiffe": false,
    "foodPairing": [
      "Barbecue",
      "Viande rouge"
    ],
    "IsWeightArticle": false,
    "WeightconversionFactor": "0",
    "IsBio": false,
    "CountryOfOrigin": "BELGIQUE",
    "IsExclusivelySoldInLuxembourg": false,
    "OrderUnit": "P",
    "AlcoholDisclaimermsg": true,
    "ShortName": "TOBI AVER.PILS BLIK33CL",
    "IsNew": false,
    "amountUnit": "kg",
    "CountryOfOriginISO": "BE",
    "EcoscoreLabel": "C",
    "ShowAlcoholLegalMsg": true,
    "LongName": "TOUT BIEN Av. Belgian pils 5,2% can 33cl",
    "RecentQuanityOfStockUnits": "1,6,18",
    "AlcoholVolume": "5.2",
    "FicCode": "E",
    "EcoscoreValue": "49"
  },
  {
    "technicalArticleNumber": "5356",
    "commercialArticleNumber": "5356",
    "gtin": [
      "05410228104445",
      "05410228141303",
      "05410228156338",
      "05410228261544",
      "05410228261551"
    ],
    "productId": "405",
    "name": "pils 5,2% canette",
    "description": "*Pils\n*5,2 % vol",
    "brand": "STELLA ARTOIS",
    "seoBrand": "Stella Artois",
    "thumbNail": "https://static.colruytgroup.com/images/200x200/std.lang.all/15/06/asset-1901506.jpg",
    "fullImage": "https://static.colruytgroup.com/images/500x500/std.lang.all/15/06/asset-1901506.jpg",
    "squareImage": "https://static.colruytgroup.com/images/500x500sq/std.lang.all/15/06/asset-1901506.jpg",
    "content": "33cl",
    "price": {
      "basicPrice": 0.98,
      "recommendedQuantity": "12.0",
      "measurementUnitPrice": 2.97,
      "measurementUnit": "L",
      "isRedPrice": false,
      "pricePerUOM": 2.97,
      "activationDate": "04-06-2025",
      "recordSource": "Offline",
      "isPromoActive": "Y",
      "priceChangeCode": "E",
      "priceReason": "Reaction"
    },
    "isPriceAvailable": true,
    "channelAvailability": [
      "3_BE_STORE",
      "8_BE_STORE",
      "8_LU_STORE",
      "8_BE_COLLECT_NEXT_DAY",
      "8_BE_HOME_DELIVERY",
      "8_BE_HOME_DELIVERY_DRIVER"
    ],
    "businessDomain": "RETAIL_BE",
    "walkRouteSequenceNumber": 4087,
    "isAvailable": true,
    "inPromo": true,
    "promotion": [
      {
        "techPromoId": "101257COLR",
        "promotionId": "101257",
        "promotionType": "3",
        "isPersonalized": "8",
        "publicationStartDate": "04-06-2025",
        "publicationEndDate": "17-06-2025",
        "topPromo": false
      }
    ],
    "topCategoryName": "Boissons",
    "topCategoryId": "354",
    "categories": [
      {
        "name": "Boissons",
        "id": "354",
        "children": [
          {
            "name": "Bi\u00e8res",
            "id": "389",
            "children": [
              {
                "name": "Pils",
                "id": "1551",
                "children": [
                  {
                    "name": "Pils en canettes",
                    "id": "1553"
                  }
                ]
              }
            ]
          }
        ]
      }
    ],
    "IsPrivateLabel": false,
    "amount": 0.33,
    "IsBiffe": false,
    "foodPairing": [
      "Volaille",
      "Veggie",
      "Salade",
      "P\u00e2tes & pizza",
      "Poisson",
      "Fromages doux",
      "Crustac\u00e9s",
      "Ap\u00e9ritif"
    ],
    "IsWeightArticle": false,
    "WeightconversionFactor": "0",
    "IsBio": false,
    "CountryOfOrigin": "BELGIQUE",
    "IsExclusivelySoldInLuxembourg": false,
    "OrderUnit": "P",
    "AlcoholDisclaimermsg": true,
    "InSeason": true,
    "ShortName": "STEL PILS CAN 33CL",
    "IsNew": false,
    "amountUnit": "kg",
    "CountryOfOriginISO": "BE",
    "ShowAlcoholLegalMsg": true,
    "LongName": "STELLA ARTOIS pils 5,2% canette 33cl",
    "RecentQuanityOfStockUnits": "12,1,24",
    "AlcoholVolume": "5.2",
    "StartSeasonDate": "22/12/2005",
    "FicCode": "E"
  },
  {
    "technicalArticleNumber": "4875405",
    "commercialArticleNumber": "38947",
    "gtin": [
      "05410263932812",
      "05410263932805",
      "05410263930696"
    ],
    "productId": "1255708",
    "name": "Crime Of Passion 7,2%",
    "description": "*Bi\u00e8re fruit\u00e9e belge\n*Fruit de la passion\n*\u00c9pices tropicales\n*Servir frais\n*7,2% VOL",
    "brand": "MORT SUBITE",
    "seoBrand": "Mort Subite",
    "thumbNail": "https://static.colruytgroup.com/images/200x200/std.lang.all/94/53/asset-3809453.jpg",
    "fullImage": "https://static.colruytgroup.com/images/500x500/std.lang.all/94/53/asset-3809453.jpg",
    "squareImage": "https://static.colruytgroup.com/images/500x500sq/std.lang.all/94/53/asset-3809453.jpg",
    "content": "33cl",
    "price": {
      "basicPrice": {
        "source": "1.0",
        "parsedValue": 1
      },
      "recommendedQuantity": "4.0",
      "measurementUnitPrice": 3.04,
      "measurementUnit": "L",
      "isRedPrice": false,
      "pricePerUOM": 3.04,
      "activationDate": "03-06-2025",
      "recordSource": "Folder",
      "isPromoActive": "N",
      "priceChangeCode": "L",
      "priceReason": "Reaction"
    },
    "isPriceAvailable": true,
    "channelAvailability": [
      "3_BE_STORE",
      "8_BE_STORE",
      "8_BE_COLLECT_NEXT_DAY",
      "8_BE_HOME_DELIVERY",
      "8_BE_HOME_DELIVERY_DRIVER"
    ],
    "businessDomain": "RETAIL_BE",
    "walkRouteSequenceNumber": 4034,
    "isAvailable": true,
    "inPromo": false,
    "topCategoryName": "Boissons",
    "topCategoryId": "354",
    "categories": [
      {
        "name": "Boissons",
        "id": "354",
        "children": [
          {
            "name": "Bi\u00e8res",
            "id": "389",
            "children": [
              {
                "name": "Bi\u00e8re blanche, bi\u00e8re aux fruits et bi",
                "id": "395"
              }
            ]
          }
        ]
      }
    ],
    "IsPrivateLabel": false,
    "amount": 0.33,
    "IsBiffe": false,
    "foodPairing": [
      "Ap\u00e9ritif",
      "Barbecue",
      "Viande blanche",
      "Desserts"
    ],
    "IsWeightArticle": false,
    "WeightconversionFactor": "0",
    "IsBio": false,
    "CountryOfOrigin": "BELGIQUE",
    "IsExclusivelySoldInLuxembourg": false,
    "OrderUnit": "P",
    "AlcoholDisclaimermsg": true,
    "ShortName": "MOSU CRIME PASSION 33CL",
    "IsNew": false,
    "amountUnit": "kg",
    "CountryOfOriginISO": "BE",
    "EcoscoreLabel": "D",
    "ShowAlcoholLegalMsg": true,
    "LongName": "MORT SUBITE Crime Of Passion 7,2% 33cl",
    "RecentQuanityOfStockUnits": "4,1,24",
    "AlcoholVolume": "7.2",
    "FicCode": "E",
    "EcoscoreValue": "37"
  },
  {
    "technicalArticleNumber": "4883117",
    "commercialArticleNumber": "11014",
    "gtin": [
      "05410263932782",
      "05410263932744",
      "05410263932775"
    ],
    "productId": "1261073",
    "name": "Bloody Berry 7,2%",
    "brand": "MORT SUBITE",
    "seoBrand": "Mort Subite",
    "thumbNail": "https://static.colruytgroup.com/images/200x200/std.lang.all/95/37/asset-3809537.jpg",
    "fullImage": "https://static.colruytgroup.com/images/500x500/std.lang.all/95/37/asset-3809537.jpg",
    "squareImage": "https://static.colruytgroup.com/images/500x500sq/std.lang.all/95/37/asset-3809537.jpg",
    "content": "33cl",
    "price": {
      "basicPrice": {
        "source": "1.0",
        "parsedValue": 1
      },
      "recommendedQuantity": "4.0",
      "measurementUnitPrice": 3.04,
      "measurementUnit": "L",
      "isRedPrice": false,
      "pricePerUOM": 3.04,
      "activationDate": "03-06-2025",
      "recordSource": "Folder",
      "isPromoActive": "N",
      "priceChangeCode": "L",
      "priceReason": "Reaction"
    },
    "isPriceAvailable": true,
    "channelAvailability": [
      "8_BE_STORE",
      "8_BE_COLLECT_NEXT_DAY",
      "8_BE_HOME_DELIVERY",
      "8_BE_HOME_DELIVERY_DRIVER"
    ],
    "businessDomain": "RETAIL_BE",
    "walkRouteSequenceNumber": 4035,
    "isAvailable": true,
    "inPromo": false,
    "topCategoryName": "Boissons",
    "topCategoryId": "354",
    "categories": [
      {
        "name": "Boissons",
        "id": "354",
        "children": [
          {
            "name": "Bi\u00e8res",
            "id": "389",
            "children": [
              {
                "name": "Bi\u00e8re blanche, bi\u00e8re aux fruits et bi",
                "id": "395"
              }
            ]
          }
        ]
      }
    ],
    "IsPrivateLabel": false,
    "amount": 0.33,
    "IsBiffe": false,
    "foodPairing": [
      "Viande blanche",
      "Veggie",
      "Desserts",
      "Barbecue",
      "Ap\u00e9ritif"
    ],
    "IsWeightArticle": false,
    "WeightconversionFactor": "0",
    "IsBio": false,
    "CountryOfOrigin": "BELGIQUE",
    "IsExclusivelySoldInLuxembourg": false,
    "OrderUnit": "P",
    "AlcoholDisclaimermsg": true,
    "ShortName": "MOSU BLOODY BERRY 33CL",
    "IsNew": false,
    "amountUnit": "kg",
    "CountryOfOriginISO": "BE",
    "EcoscoreLabel": "D",
    "ShowAlcoholLegalMsg": true,
    "LongName": "MORT SUBITE Bloody Berry 7,2% 33cl",
    "RecentQuanityOfStockUnits": "4,1,24",
    "AlcoholVolume": "7.2",
    "FicCode": "E",
    "EcoscoreValue": "37"
  },
  {
    "technicalArticleNumber": "4240163",
    "commercialArticleNumber": "19308",
    "gtin": [
      "05410228269779",
      "05410228269809",
      "05410228269861",
      "05410228269922",
      "05410228279907",
      "05410228279914",
      "05410228269946",
      "05410228326489"
    ],
    "productId": "584813",
    "name": "Pils 5,2% canette",
    "description": "*Pils\n*5,2 % vol",
    "brand": "JUPILER",
    "seoBrand": "Jupiler",
    "thumbNail": "https://static.colruytgroup.com/images/200x200/std.lang.all/10/74/asset-3791074.jpg",
    "fullImage": "https://static.colruytgroup.com/images/500x500/std.lang.all/10/74/asset-3791074.jpg",
    "squareImage": "https://static.colruytgroup.com/images/500x500sq/std.lang.all/10/74/asset-3791074.jpg",
    "content": "35,5cl",
    "price": {
      "basicPrice": 1.04,
      "recommendedQuantity": "18.0",
      "measurementUnitPrice": 2.93,
      "measurementUnit": "L",
      "isRedPrice": false,
      "pricePerUOM": 2.93,
      "activationDate": "04-06-2025",
      "recordSource": "Offline",
      "isPromoActive": "N",
      "priceChangeCode": "H",
      "priceReason": "Reaction"
    },
    "isPriceAvailable": true,
    "channelAvailability": [
      "3_BE_STORE",
      "8_BE_STORE",
      "8_LU_STORE",
      "8_BE_COLLECT_NEXT_DAY",
      "8_BE_HOME_DELIVERY",
      "8_BE_HOME_DELIVERY_DRIVER"
    ],
    "businessDomain": "RETAIL_BE",
    "walkRouteSequenceNumber": 4005,
    "isAvailable": true,
    "inPromo": false,
    "topCategoryName": "Boissons",
    "topCategoryId": "354",
    "categories": [
      {
        "name": "Boissons",
        "id": "354",
        "children": [
          {
            "name": "Bi\u00e8res",
            "id": "389",
            "children": [
              {
                "name": "Pils",
                "id": "1551",
                "children": [
                  {
                    "name": "Pils en canettes",
                    "id": "1553"
                  }
                ]
              }
            ]
          }
        ]
      }
    ],
    "IsPrivateLabel": false,
    "amount": 0.355,
    "IsBiffe": false,
    "WeightconversionFactor": "0",
    "foodPairing": [
      "Volaille",
      "Veggie",
      "Salade",
      "Fromages doux",
      "Ap\u00e9ritif"
    ],
    "IsWeightArticle": false,
    "IsBio": false,
    "CountryOfOrigin": "BELGIQUE",
    "IsExclusivelySoldInLuxembourg": false,
    "OrderUnit": "P",
    "ShortName": "JUPI PILS CAN 35.5CL",
    "AlcoholDisclaimermsg": true,
    "IsNew": false,
    "amountUnit": "kg",
    "CountryOfOriginISO": "BE",
    "ShowAlcoholLegalMsg": true,
    "LongName": "JUPILER Pils 5,2% canette 35,5cl",
    "RecentQuanityOfStockUnits": "1,15,18",
    "AlcoholVolume": "5.2",
    "FicCode": "E"
  },
  {
    "technicalArticleNumber": "4427771",
    "commercialArticleNumber": "26159",
    "gtin": [
      "05411831004948",
      "00875213001003",
      "00875213001676"
    ],
    "productId": "697332",
    "name": "Super pils 5,2% can",
    "description": "*Pils\n*5,2 % vol",
    "brand": "BAVIK",
    "seoBrand": "Bavik",
    "thumbNail": "https://static.colruytgroup.com/images/200x200/std.lang.all/14/22/asset-2791422.jpg",
    "fullImage": "https://static.colruytgroup.com/images/500x500/std.lang.all/14/22/asset-2791422.jpg",
    "squareImage": "https://static.colruytgroup.com/images/500x500sq/std.lang.all/14/22/asset-2791422.jpg",
    "content": "33cl",
    "price": {
      "basicPrice": 1.07,
      "recommendedQuantity": "6.0",
      "measurementUnitPrice": 3.25,
      "measurementUnit": "L",
      "isRedPrice": false,
      "pricePerUOM": 3.25,
      "activationDate": "04-06-2025",
      "isPromoActive": "Y",
      "priceChangeCode": "E",
      "priceReason": "Promo"
    },
    "isPriceAvailable": true,
    "channelAvailability": [
      "8_BE_STORE",
      "8_BE_COLLECT_NEXT_DAY",
      "8_BE_HOME_DELIVERY_DRIVER"
    ],
    "businessDomain": "RETAIL_BE",
    "walkRouteSequenceNumber": 4095,
    "isAvailable": true,
    "inPromo": true,
    "promotion": [
      {
        "techPromoId": "101232COLR",
        "promotionId": "101232",
        "promotionType": "3",
        "isPersonalized": "N",
        "publicationStartDate": "04-06-2025",
        "publicationEndDate": "17-06-2025",
        "topPromo": false
      }
    ],
    "topCategoryName": "Boissons",
    "topCategoryId": "354",
    "categories": [
      {
        "name": "Boissons",
        "id": "354",
        "children": [
          {
            "name": "Bi\u00e8res",
            "id": "389",
            "children": [
              {
                "name": "Pils",
                "id": "1551",
                "children": [
                  {
                    "name": "Pils en canettes",
                    "id": "1553"
                  }
                ]
              }
            ]
          }
        ]
      }
    ],
    "IsPrivateLabel": false,
    "amount": 0.33,
    "IsBiffe": false,
    "WeightconversionFactor": "0",
    "IsWeightArticle": false,
    "IsBio": false,
    "CountryOfOrigin": "BELGIQUE",
    "IsExclusivelySoldInLuxembourg": false,
    "OrderUnit": "P",
    "ShortName": "BAVI SUPER PILS CAN33CL",
    "AlcoholDisclaimermsg": true,
    "IsNew": false,
    "amountUnit": "kg",
    "CountryOfOriginISO": "BE",
    "EcoscoreLabel": "D",
    "ShowAlcoholLegalMsg": true,
    "LongName": "BAVIK Super pils 5,2% can 33cl",
    "RecentQuanityOfStockUnits": "6,1",
    "AlcoholVolume": "5.2",
    "FicCode": "E",
    "EcoscoreValue": "37"
  },
  {
    "technicalArticleNumber": "5183",
    "commercialArticleNumber": "5183",
    "gtin": [
      "05410263006414",
      "05410263006421",
      "05410263916294",
      "05410263916300",
      "05410263924046",
      "05410263924053",
      "05410263001297"
    ],
    "productId": "447",
    "name": "pils 5,2% canette",
    "description": "*Bi\u00e8re blonde\n*Pils belge\n*Houblonn\u00e9e\n*Houblon Saaz\n*0,0% VOL",
    "brand": "MAES",
    "seoBrand": "Maes",
    "thumbNail": "https://static.colruytgroup.com/images/200x200/std.lang.all/35/17/asset-1273517.jpg",
    "fullImage": "https://static.colruytgroup.com/images/500x500/std.lang.all/35/17/asset-1273517.jpg",
    "squareImage": "https://static.colruytgroup.com/images/500x500sq/std.lang.all/35/17/asset-1273517.jpg",
    "content": "50cl",
    "price": {
      "basicPrice": 1.08,
      "recommendedQuantity": "8.0",
      "measurementUnitPrice": 2.16,
      "measurementUnit": "L",
      "isRedPrice": false,
      "pricePerUOM": 2.16,
      "activationDate": "04-06-2025",
      "isPromoActive": "Y",
      "priceChangeCode": "E",
      "priceReason": "Promo"
    },
    "isPriceAvailable": true,
    "channelAvailability": [
      "8_BE_STORE",
      "8_BE_COLLECT_NEXT_DAY",
      "8_BE_HOME_DELIVERY",
      "8_BE_HOME_DELIVERY_DRIVER"
    ],
    "businessDomain": "RETAIL_BE",
    "walkRouteSequenceNumber": 4090,
    "isAvailable": true,
    "inPromo": true,
    "promotion": [
      {
        "techPromoId": "101249COLR",
        "promotionId": "101249",
        "promotionType": "3",
        "isPersonalized": "N",
        "publicationStartDate": "04-06-2025",
        "publicationEndDate": "17-06-2025",
        "topPromo": false
      }
    ],
    "topCategoryName": "Boissons",
    "topCategoryId": "354",
    "categories": [
      {
        "name": "Boissons",
        "id": "354",
        "children": [
          {
            "name": "Bi\u00e8res",
            "id": "389",
            "children": [
              {
                "name": "Pils",
                "id": "1551",
                "children": [
                  {
                    "name": "Pils en canettes",
                    "id": "1553"
                  }
                ]
              }
            ]
          }
        ]
      }
    ],
    "IsPrivateLabel": false,
    "amount": 0.5,
    "IsBiffe": false,
    "foodPairing": [
      "Volaille",
      "Viande blanche",
      "Veggie",
      "Crustac\u00e9s",
      "Ap\u00e9ritif",
      "Salade",
      "Poisson",
      "Fromages doux"
    ],
    "IsWeightArticle": false,
    "WeightconversionFactor": "0",
    "IsBio": false,
    "CountryOfOrigin": "BELGIQUE",
    "IsExclusivelySoldInLuxembourg": false,
    "OrderUnit": "P",
    "AlcoholDisclaimermsg": true,
    "ShortName": "MAES PILS BOITE 50CL",
    "IsNew": false,
    "amountUnit": "kg",
    "CountryOfOriginISO": "BE",
    "EcoscoreLabel": "D",
    "ShowAlcoholLegalMsg": true,
    "LongName": "MAES pils 5,2% canette 50cl",
    "RecentQuanityOfStockUnits": "8,1,24",
    "AlcoholVolume": "5.2",
    "FicCode": "E",
    "EcoscoreValue": "37"
  },
  {
    "technicalArticleNumber": "4843371",
    "commercialArticleNumber": "16396",
    "gtin": [
      "05410263931334",
      "05410263931051",
      "05410263931068"
    ],
    "productId": "1218947",
    "name": "Pils 0,0% canette",
    "description": "*Bi\u00e8re blonde\n*Pils sans alcool\n*Pils belge\n*Houblon Saaz\n*0,0% VOL",
    "brand": "MAES",
    "seoBrand": "Maes",
    "thumbNail": "https://static.colruytgroup.com/images/200x200/std.lang.all/75/09/asset-3617509.jpg",
    "fullImage": "https://static.colruytgroup.com/images/500x500/std.lang.all/75/09/asset-3617509.jpg",
    "squareImage": "https://static.colruytgroup.com/images/500x500sq/std.lang.all/75/09/asset-3617509.jpg",
    "content": "33cl",
    "price": {
      "basicPrice": 1.09,
      "recommendedQuantity": "6.0",
      "measurementUnitPrice": 3.31,
      "measurementUnit": "L",
      "isRedPrice": false,
      "pricePerUOM": 3.31,
      "activationDate": "21-05-2025",
      "recordSource": "Offline",
      "isPromoActive": "N",
      "priceChangeCode": "E",
      "priceReason": "Reaction"
    },
    "isPriceAvailable": true,
    "channelAvailability": [
      "8_BE_STORE",
      "8_BE_COLLECT_NEXT_DAY",
      "8_BE_HOME_DELIVERY",
      "8_BE_HOME_DELIVERY_DRIVER"
    ],
    "businessDomain": "RETAIL_BE",
    "walkRouteSequenceNumber": 4138,
    "isAvailable": true,
    "inPromo": false,
    "topCategoryName": "Boissons",
    "topCategoryId": "354",
    "categories": [
      {
        "name": "Boissons",
        "id": "354",
        "children": [
          {
            "name": "Bi\u00e8res",
            "id": "389",
            "children": [
              {
                "name": "Bi\u00e8res sans alcool",
                "id": "398"
              }
            ]
          }
        ]
      }
    ],
    "IsPrivateLabel": false,
    "amount": 0.33,
    "IsBiffe": false,
    "foodPairing": [
      "Gibier",
      "Poisson",
      "P\u00e2tes & pizza",
      "Salade",
      "Veggie",
      "Viande blanche",
      "Viande rouge",
      "Volaille",
      "Ap\u00e9ritif",
      "Fromages forts",
      "Fromages doux",
      "Barbecue",
      "Crustac\u00e9s",
      "Desserts"
    ],
    "IsWeightArticle": false,
    "WeightconversionFactor": "0",
    "nutriscoreLabel": "C",
    "IsBio": false,
    "CountryOfOrigin": "BELGIQUE",
    "IsExclusivelySoldInLuxembourg": false,
    "OrderUnit": "P",
    "AlcoholDisclaimermsg": false,
    "ShortName": "MAES 0.0% 33CL CANETTE",
    "IsNew": false,
    "amountUnit": "kg",
    "CountryOfOriginISO": "BE",
    "EcoscoreLabel": "D",
    "ShowAlcoholLegalMsg": false,
    "LongName": "MAES Pils 0,0% canette 33cl",
    "RecentQuanityOfStockUnits": "1,6,24",
    "AlcoholVolume": "0",
    "FicCode": "E",
    "EcoscoreValue": "37"
  },
  {
    "technicalArticleNumber": "1458095",
    "commercialArticleNumber": "5663",
    "gtin": [
      "05410263924947",
      "05410263925012",
      "05410078235542",
      "05410078235566",
      "05410078235559",
      "05410263932416",
      "05410263932522"
    ],
    "productId": "17221",
    "name": "pils 5% can",
    "description": "*Pils belge\n*Ingr\u00e9dients locaux\n*Houblonn\u00e9e\n*EBU 26\n*5,0% VOL",
    "brand": "CRISTAL ALKEN",
    "seoBrand": "Cristal Alken",
    "thumbNail": "https://static.colruytgroup.com/images/200x200/std.lang.all/60/27/asset-3806027.jpg",
    "fullImage": "https://static.colruytgroup.com/images/500x500/std.lang.all/60/27/asset-3806027.jpg",
    "squareImage": "https://static.colruytgroup.com/images/500x500sq/std.lang.all/60/27/asset-3806027.jpg",
    "content": "33cl",
    "price": {
      "basicPrice": 1.13,
      "recommendedQuantity": "8.0",
      "measurementUnitPrice": 3.43,
      "measurementUnit": "L",
      "isRedPrice": false,
      "pricePerUOM": 3.43,
      "activationDate": "31-05-2025",
      "recordSource": "Online",
      "isPromoActive": "N",
      "priceChangeCode": "E",
      "priceReason": "Reaction"
    },
    "isPriceAvailable": true,
    "channelAvailability": [
      "3_BE_STORE",
      "8_BE_STORE",
      "8_BE_COLLECT_NEXT_DAY",
      "8_BE_HOME_DELIVERY",
      "8_BE_HOME_DELIVERY_DRIVER"
    ],
    "businessDomain": "RETAIL_BE",
    "walkRouteSequenceNumber": 4084,
    "isAvailable": true,
    "inPromo": false,
    "topCategoryName": "Boissons",
    "topCategoryId": "354",
    "categories": [
      {
        "name": "Boissons",
        "id": "354",
        "children": [
          {
            "name": "Bi\u00e8res",
            "id": "389",
            "children": [
              {
                "name": "Pils",
                "id": "1551",
                "children": [
                  {
                    "name": "Pils en canettes",
                    "id": "1553"
                  }
                ]
              }
            ]
          }
        ]
      }
    ],
    "IsPrivateLabel": false,
    "amount": 0.33,
    "IsBiffe": false,
    "foodPairing": [
      "Volaille",
      "Veggie",
      "Salade",
      "Ap\u00e9ritif",
      "Poisson",
      "Fromages doux",
      "Crustac\u00e9s",
      "P\u00e2tes & pizza"
    ],
    "IsWeightArticle": false,
    "WeightconversionFactor": "0",
    "IsBio": false,
    "CountryOfOrigin": "BELGIQUE",
    "IsExclusivelySoldInLuxembourg": false,
    "OrderUnit": "P",
    "AlcoholDisclaimermsg": true,
    "ShortName": "CRIS PILS 5% CAN 33CL",
    "IsNew": false,
    "amountUnit": "kg",
    "CountryOfOriginISO": "BE",
    "EcoscoreLabel": "D",
    "ShowAlcoholLegalMsg": true,
    "LongName": "CRISTAL ALKEN pils 5% can 33cl",
    "RecentQuanityOfStockUnits": "8,24,1,6,24",
    "AlcoholVolume": "5",
    "FicCode": "E",
    "EcoscoreValue": "37"
  },
  {
    "technicalArticleNumber": "4399943",
    "commercialArticleNumber": "24604",
    "gtin": [
      "05410228262510",
      "05410228262497",
      "05410228262503"
    ],
    "productId": "680891",
    "name": "0.0% pils Cold Grip can",
    "description": "*Bi\u00e8re sans alcool\n*Blonde\n*0 % vol\n*Basse fermentation",
    "brand": "JUPILER",
    "seoBrand": "Jupiler 0.0%",
    "thumbNail": "https://static.colruytgroup.com/images/200x200/std.lang.all/65/86/asset-3016586.jpg",
    "fullImage": "https://static.colruytgroup.com/images/500x500/std.lang.all/65/86/asset-3016586.jpg",
    "squareImage": "https://static.colruytgroup.com/images/500x500sq/std.lang.all/65/86/asset-3016586.jpg",
    "content": "33cl",
    "price": {
      "basicPrice": 1.13,
      "recommendedQuantity": "6.0",
      "measurementUnitPrice": 3.43,
      "measurementUnit": "L",
      "isRedPrice": false,
      "pricePerUOM": 3.43,
      "activationDate": "05-06-2025",
      "recordSource": "Offline",
      "isPromoActive": "N",
      "priceChangeCode": "E",
      "priceReason": "Reaction"
    },
    "isPriceAvailable": true,
    "channelAvailability": [
      "8_BE_STORE",
      "8_LU_STORE",
      "8_BE_COLLECT_NEXT_DAY",
      "8_BE_HOME_DELIVERY",
      "8_BE_HOME_DELIVERY_DRIVER"
    ],
    "businessDomain": "RETAIL_BE",
    "walkRouteSequenceNumber": 4143,
    "isAvailable": true,
    "inPromo": true,
    "promotion": [
      {
        "techPromoId": "101271COLR",
        "promotionId": "101271",
        "promotionType": "4",
        "isPersonalized": "N",
        "publicationStartDate": "04-06-2025",
        "publicationEndDate": "17-06-2025",
        "topPromo": false
      }
    ],
    "topCategoryName": "Boissons",
    "topCategoryId": "354",
    "categories": [
      {
        "name": "Boissons",
        "id": "354",
        "children": [
          {
            "name": "Bi\u00e8res",
            "id": "389",
            "children": [
              {
                "name": "Bi\u00e8res sans alcool",
                "id": "398"
              }
            ]
          }
        ]
      }
    ],
    "IsPrivateLabel": false,
    "amount": 0.33,
    "IsBiffe": false,
    "WeightconversionFactor": "0",
    "IsWeightArticle": false,
    "IsBio": false,
    "CountryOfOrigin": "LUXEMBOURG",
    "IsExclusivelySoldInLuxembourg": false,
    "OrderUnit": "P",
    "ShortName": "JUPI 0.0% CG CAN 33CL",
    "AlcoholDisclaimermsg": false,
    "IsNew": false,
    "amountUnit": "kg",
    "CountryOfOriginISO": "LU",
    "ShowAlcoholLegalMsg": false,
    "LongName": "JUPILER 0.0% pils Cold Grip can 33cl",
    "RecentQuanityOfStockUnits": "1,6,24",
    "AlcoholVolume": "0",
    "FicCode": "E"
  },
  {
    "technicalArticleNumber": "4303118",
    "commercialArticleNumber": "23663",
    "gtin": [
      "05410228277279",
      "05410228274230",
      "05410228274223"
    ],
    "productId": "622622",
    "name": "0% pils canette",
    "description": "*Bi\u00e8re sans alcool\n*0 % vol",
    "brand": "JUPILER",
    "seoBrand": "Jupiler",
    "thumbNail": "https://static.colruytgroup.com/images/200x200/std.lang.all/65/85/asset-3016585.jpg",
    "fullImage": "https://static.colruytgroup.com/images/500x500/std.lang.all/65/85/asset-3016585.jpg",
    "squareImage": "https://static.colruytgroup.com/images/500x500sq/std.lang.all/65/85/asset-3016585.jpg",
    "content": "35,5cl",
    "price": {
      "basicPrice": 1.14,
      "recommendedQuantity": "12.0",
      "measurementUnitPrice": 3.22,
      "measurementUnit": "L",
      "isRedPrice": false,
      "pricePerUOM": 3.22,
      "activationDate": "05-06-2025",
      "isPromoActive": "Y",
      "priceChangeCode": "E",
      "priceReason": "Promo"
    },
    "isPriceAvailable": true,
    "channelAvailability": [
      "3_BE_STORE",
      "8_BE_STORE",
      "8_BE_COLLECT_NEXT_DAY",
      "8_BE_HOME_DELIVERY",
      "8_BE_HOME_DELIVERY_DRIVER"
    ],
    "businessDomain": "RETAIL_BE",
    "walkRouteSequenceNumber": 4157,
    "isAvailable": true,
    "inPromo": true,
    "promotion": [
      {
        "techPromoId": "101271COLR",
        "promotionId": "101271",
        "promotionType": "4",
        "isPersonalized": "N",
        "publicationStartDate": "04-06-2025",
        "publicationEndDate": "17-06-2025",
        "topPromo": false
      }
    ],
    "topCategoryName": "Boissons",
    "topCategoryId": "354",
    "categories": [
      {
        "name": "Boissons",
        "id": "354",
        "children": [
          {
            "name": "Bi\u00e8res",
            "id": "389",
            "children": [
              {
                "name": "Bi\u00e8res sans alcool",
                "id": "398"
              }
            ]
          }
        ]
      }
    ],
    "IsPrivateLabel": false,
    "amount": 0.355,
    "IsBiffe": false,
    "foodPairing": [
      "Salade",
      "Barbecue",
      "Crustac\u00e9s",
      "Fromages doux",
      "Viande blanche",
      "Veggie",
      "Ap\u00e9ritif",
      "P\u00e2tes & pizza",
      "Poisson"
    ],
    "IsWeightArticle": false,
    "WeightconversionFactor": "0",
    "nutriscoreLabel": "B",
    "IsBio": false,
    "CountryOfOrigin": "BELGIQUE",
    "IsExclusivelySoldInLuxembourg": false,
    "OrderUnit": "P",
    "AlcoholDisclaimermsg": false,
    "ShortName": "JUPI 0.0% CAN 35.5CL",
    "IsNew": false,
    "amountUnit": "kg",
    "CountryOfOriginISO": "BE",
    "ShowAlcoholLegalMsg": false,
    "LongName": "JUPILER 0% pils canette 35,5cl",
    "RecentQuanityOfStockUnits": "12,24,1",
    "AlcoholVolume": "0",
    "FicCode": "E"
  },
  {
    "technicalArticleNumber": "5310",
    "commercialArticleNumber": "5310",
    "gtin": [
      "05410783001357",
      "05410783001371",
      "05410783000275"
    ],
    "productId": "390",
    "name": "bi\u00e8re ambr\u00e9e 5,2%vol canette",
    "description": "*Bi\u00e8re ambr\u00e9e\n*5,2 % vol",
    "brand": "PALM",
    "seoBrand": "Palm",
    "thumbNail": "https://static.colruytgroup.com/images/200x200/std.lang.all/42/12/asset-2844212.jpg",
    "fullImage": "https://static.colruytgroup.com/images/500x500/std.lang.all/42/12/asset-2844212.jpg",
    "squareImage": "https://static.colruytgroup.com/images/500x500sq/std.lang.all/42/12/asset-2844212.jpg",
    "content": "33cl",
    "price": {
      "basicPrice": 1.16,
      "recommendedQuantity": "6.0",
      "measurementUnitPrice": 3.52,
      "measurementUnit": "L",
      "isRedPrice": false,
      "pricePerUOM": 3.52,
      "activationDate": "23-04-2025",
      "recordSource": "Offline",
      "isPromoActive": "N",
      "priceChangeCode": "E",
      "priceReason": "Reaction"
    },
    "isPriceAvailable": true,
    "channelAvailability": [
      "3_BE_STORE",
      "8_BE_STORE",
      "8_BE_COLLECT_NEXT_DAY",
      "8_BE_HOME_DELIVERY",
      "8_BE_HOME_DELIVERY_DRIVER"
    ],
    "businessDomain": "RETAIL_BE",
    "walkRouteSequenceNumber": 4042,
    "isAvailable": true,
    "inPromo": false,
    "topCategoryName": "Boissons",
    "topCategoryId": "354",
    "categories": [
      {
        "name": "Boissons",
        "id": "354",
        "children": [
          {
            "name": "Bi\u00e8res",
            "id": "389",
            "children": [
              {
                "name": "Rouge brune, saison, gueuze, bi\u00e8re ambr",
                "id": "393"
              }
            ]
          }
        ]
      }
    ],
    "IsPrivateLabel": false,
    "amount": 0.33,
    "IsBiffe": false,
    "foodPairing": [
      "Viande rouge",
      "Barbecue",
      "Crustac\u00e9s",
      "Desserts",
      "Fromages forts",
      "Poisson",
      "P\u00e2tes & pizza",
      "Veggie",
      "Volaille",
      "Ap\u00e9ritif",
      "Viande blanche"
    ],
    "IsWeightArticle": false,
    "WeightconversionFactor": "0",
    "IsBio": false,
    "CountryOfOrigin": "BELGIQUE",
    "IsExclusivelySoldInLuxembourg": false,
    "OrderUnit": "P",
    "AlcoholDisclaimermsg": true,
    "ShortName": "PALM BOITE 33CL.",
    "IsNew": false,
    "amountUnit": "kg",
    "CountryOfOriginISO": "BE",
    "EcoscoreLabel": "D",
    "ShowAlcoholLegalMsg": true,
    "LongName": "PALM bi\u00e8re ambr\u00e9e 5,2%vol canette 33cl",
    "RecentQuanityOfStockUnits": "6,24,1",
    "AlcoholVolume": "5.2",
    "FicCode": "E",
    "EcoscoreValue": "37"
  },
  {
    "technicalArticleNumber": "3244449",
    "commercialArticleNumber": "39770",
    "gtin": [
      "05410263916713",
      "05410263916706",
      "05410263916720"
    ],
    "productId": "157491",
    "name": "Radler citron 0,0%vol canette",
    "description": "*Bi\u00e8re blonde\n*Pils sans alcool\n*Touche de citron\n*Houblon Saaz\n*0,0% VOL",
    "brand": "MAES",
    "seoBrand": "Maes",
    "thumbNail": "https://static.colruytgroup.com/images/200x200/fra/60/46/asset-3806046.jpg",
    "fullImage": "https://static.colruytgroup.com/images/500x500/fra/60/46/asset-3806046.jpg",
    "squareImage": "https://static.colruytgroup.com/images/500x500sq/fra/60/46/asset-3806046.jpg",
    "content": "33cl",
    "price": {
      "basicPrice": 1.16,
      "recommendedQuantity": "6.0",
      "measurementUnitPrice": 3.52,
      "measurementUnit": "L",
      "isRedPrice": false,
      "pricePerUOM": 3.52,
      "activationDate": "14-05-2025",
      "recordSource": "Offline",
      "isPromoActive": "N",
      "priceChangeCode": "E",
      "priceReason": "Reaction"
    },
    "isPriceAvailable": true,
    "channelAvailability": [
      "3_BE_STORE",
      "8_BE_STORE",
      "8_LU_STORE",
      "8_BE_COLLECT_NEXT_DAY",
      "8_BE_HOME_DELIVERY",
      "8_BE_HOME_DELIVERY_DRIVER"
    ],
    "businessDomain": "RETAIL_BE",
    "walkRouteSequenceNumber": 4137,
    "isAvailable": true,
    "inPromo": false,
    "topCategoryName": "Boissons",
    "topCategoryId": "354",
    "categories": [
      {
        "name": "Boissons",
        "id": "354",
        "children": [
          {
            "name": "Bi\u00e8res",
            "id": "389",
            "children": [
              {
                "name": "Bi\u00e8res sans alcool",
                "id": "398"
              }
            ]
          }
        ]
      }
    ],
    "IsPrivateLabel": false,
    "amount": 0.33,
    "IsBiffe": false,
    "foodPairing": [
      "Barbecue",
      "Ap\u00e9ritif",
      "Veggie",
      "Salade",
      "P\u00e2tes & pizza",
      "Crustac\u00e9s",
      "Fromages doux",
      "Poisson"
    ],
    "IsWeightArticle": false,
    "WeightconversionFactor": "0",
    "nutriscoreLabel": "C",
    "IsBio": false,
    "CountryOfOrigin": "BELGIQUE",
    "IsExclusivelySoldInLuxembourg": false,
    "OrderUnit": "P",
    "AlcoholDisclaimermsg": false,
    "ShortName": "MAES RADLER CIT.0.0 33C",
    "IsNew": false,
    "amountUnit": "kg",
    "CountryOfOriginISO": "BE",
    "EcoscoreLabel": "D",
    "ShowAlcoholLegalMsg": false,
    "LongName": "MAES Radler citron 0,0%vol canette 33cl",
    "RecentQuanityOfStockUnits": "1,6,24",
    "AlcoholVolume": "0",
    "FicCode": "E",
    "EcoscoreValue": "38"
  },
  {
    "technicalArticleNumber": "4070582",
    "commercialArticleNumber": "6624",
    "gtin": [
      "05410228253624",
      "05410228304463",
      "05410228261063",
      "05410228261056"
    ],
    "productId": "467480",
    "name": "bi\u00e8re blonde 0,0% can",
    "description": "*Alkoholfreies Bier\n*0,0 % Vol.",
    "brand": "LEFFE",
    "seoBrand": "Leffe",
    "thumbNail": "https://static.colruytgroup.com/images/200x200/std.lang.all/23/86/asset-2732386.jpg",
    "fullImage": "https://static.colruytgroup.com/images/500x500/std.lang.all/23/86/asset-2732386.jpg",
    "squareImage": "https://static.colruytgroup.com/images/500x500sq/std.lang.all/23/86/asset-2732386.jpg",
    "content": "33cl",
    "price": {
      "basicPrice": 1.16,
      "recommendedQuantity": "6.0",
      "measurementUnitPrice": 3.52,
      "measurementUnit": "L",
      "isRedPrice": false,
      "pricePerUOM": 3.52,
      "activationDate": "28-05-2025",
      "recordSource": "Offline",
      "isPromoActive": "N",
      "priceChangeCode": "E",
      "priceReason": "Reaction"
    },
    "isPriceAvailable": true,
    "channelAvailability": [
      "3_BE_STORE",
      "8_BE_STORE",
      "8_LU_STORE",
      "8_BE_COLLECT_NEXT_DAY",
      "8_BE_HOME_DELIVERY",
      "8_BE_HOME_DELIVERY_DRIVER"
    ],
    "businessDomain": "RETAIL_BE",
    "walkRouteSequenceNumber": 4123,
    "isAvailable": true,
    "inPromo": true,
    "promotion": [
      {
        "techPromoId": "101271COLR",
        "promotionId": "101271",
        "promotionType": "4",
        "isPersonalized": "N",
        "publicationStartDate": "04-06-2025",
        "publicationEndDate": "17-06-2025",
        "topPromo": false
      }
    ],
    "topCategoryName": "Boissons",
    "topCategoryId": "354",
    "categories": [
      {
        "name": "Boissons",
        "id": "354",
        "children": [
          {
            "name": "Bi\u00e8res",
            "id": "389",
            "children": [
              {
                "name": "Bi\u00e8res sans alcool",
                "id": "398"
              }
            ]
          }
        ]
      }
    ],
    "IsPrivateLabel": false,
    "amount": 0.33,
    "IsBiffe": false,
    "foodPairing": [
      "Viande blanche",
      "Ap\u00e9ritif",
      "Veggie",
      "Salade",
      "P\u00e2tes & pizza",
      "Barbecue"
    ],
    "IsWeightArticle": false,
    "WeightconversionFactor": "0",
    "nutriscoreLabel": "C",
    "IsBio": false,
    "CountryOfOrigin": "BELGIQUE",
    "IsExclusivelySoldInLuxembourg": false,
    "OrderUnit": "P",
    "AlcoholDisclaimermsg": false,
    "ShortName": "LEFF BLONDE 0.0% CAN.33",
    "IsNew": false,
    "amountUnit": "kg",
    "CountryOfOriginISO": "BE",
    "ShowAlcoholLegalMsg": false,
    "LongName": "LEFFE bi\u00e8re blonde 0,0% can 33cl",
    "RecentQuanityOfStockUnits": "1,6,24",
    "AlcoholVolume": "0",
    "FicCode": "E"
  },
  {
    "technicalArticleNumber": "1299022",
    "commercialArticleNumber": "5464",
    "gtin": [
      "05410228168195",
      "05410228168416",
      "05410228168423",
      "05410228288244",
      "05410228289128"
    ],
    "productId": "12262",
    "name": "bi\u00e8re blanche 4,9% can",
    "description": "*Bi\u00e8re blanche\n*4,9 % vol",
    "brand": "HOEGAARDEN",
    "seoBrand": "Hoegaarden",
    "thumbNail": "https://static.colruytgroup.com/images/200x200/std.lang.all/18/32/asset-2141832.jpg",
    "fullImage": "https://static.colruytgroup.com/images/500x500/std.lang.all/18/32/asset-2141832.jpg",
    "squareImage": "https://static.colruytgroup.com/images/500x500sq/std.lang.all/18/32/asset-2141832.jpg",
    "content": "33cl",
    "price": {
      "basicPrice": 1.16,
      "recommendedQuantity": "8.0",
      "measurementUnitPrice": 3.52,
      "measurementUnit": "L",
      "isRedPrice": false,
      "pricePerUOM": 3.52,
      "activationDate": "05-06-2025",
      "recordSource": "Folder",
      "isPromoActive": "N",
      "priceChangeCode": "L",
      "priceReason": "Reaction"
    },
    "isPriceAvailable": true,
    "channelAvailability": [
      "8_LU_STORE",
      "8_BE_STORE",
      "8_BE_COLLECT_NEXT_DAY",
      "8_BE_HOME_DELIVERY",
      "8_BE_HOME_DELIVERY_DRIVER"
    ],
    "businessDomain": "RETAIL_BE",
    "walkRouteSequenceNumber": 4076,
    "isAvailable": true,
    "inPromo": true,
    "promotion": [
      {
        "techPromoId": "101340COLR",
        "promotionId": "101340",
        "promotionType": "3",
        "isPersonalized": "8",
        "publicationStartDate": "04-06-2025",
        "publicationEndDate": "17-06-2025",
        "topPromo": false
      }
    ],
    "topCategoryName": "Boissons",
    "topCategoryId": "354",
    "categories": [
      {
        "name": "Boissons",
        "id": "354",
        "children": [
          {
            "name": "Bi\u00e8res",
            "id": "389",
            "children": [
              {
                "name": "Bi\u00e8re blanche, bi\u00e8re aux fruits et bi",
                "id": "395"
              }
            ]
          }
        ]
      }
    ],
    "IsPrivateLabel": false,
    "amount": 0.33,
    "IsBiffe": false,
    "foodPairing": [
      "Salade",
      "Poisson",
      "Fromages doux",
      "Crustac\u00e9s",
      "Barbecue",
      "Ap\u00e9ritif"
    ],
    "IsWeightArticle": false,
    "WeightconversionFactor": "0",
    "IsBio": false,
    "CountryOfOrigin": "BELGIQUE",
    "IsExclusivelySoldInLuxembourg": false,
    "OrderUnit": "P",
    "AlcoholDisclaimermsg": true,
    "InSeason": true,
    "ShortName": "HOEG BLANCHE BOITE 33CL",
    "IsNew": false,
    "amountUnit": "kg",
    "CountryOfOriginISO": "BE",
    "ShowAlcoholLegalMsg": true,
    "LongName": "HOEGAARDEN bi\u00e8re blanche 4,9% can 33cl",
    "RecentQuanityOfStockUnits": "8,1,24",
    "AlcoholVolume": "4.9",
    "StartSeasonDate": "13/03/2025",
    "FicCode": "E"
  },
  {
    "technicalArticleNumber": "4871167",
    "commercialArticleNumber": "23769",
    "gtin": [
      "05410263931082",
      "05410263931358",
      "05410263931075"
    ],
    "productId": "1252750",
    "name": "0,0% can",
    "description": "*Bi\u00e8re sans alcool\n*0,0% vol",
    "brand": "CRISTAL",
    "seoBrand": "Cristal",
    "thumbNail": "https://static.colruytgroup.com/images/200x200/std.lang.all/67/40/asset-3776740.jpg",
    "fullImage": "https://static.colruytgroup.com/images/500x500/std.lang.all/67/40/asset-3776740.jpg",
    "squareImage": "https://static.colruytgroup.com/images/500x500sq/std.lang.all/67/40/asset-3776740.jpg",
    "content": "33cl",
    "price": {
      "basicPrice": 1.24,
      "recommendedQuantity": "6.0",
      "measurementUnitPrice": 3.76,
      "measurementUnit": "L",
      "isRedPrice": false,
      "pricePerUOM": 3.76,
      "activationDate": "05-06-2025",
      "recordSource": "Offline",
      "isPromoActive": "N",
      "priceChangeCode": "H",
      "priceReason": "Reaction"
    },
    "isPriceAvailable": true,
    "channelAvailability": [
      "8_BE_STORE",
      "8_BE_COLLECT_NEXT_DAY",
      "8_BE_HOME_DELIVERY",
      "8_BE_HOME_DELIVERY_DRIVER"
    ],
    "businessDomain": "RETAIL_BE",
    "walkRouteSequenceNumber": 4120,
    "isAvailable": true,
    "inPromo": false,
    "topCategoryName": "Boissons",
    "topCategoryId": "354",
    "categories": [
      {
        "name": "Boissons",
        "id": "354",
        "children": [
          {
            "name": "Bi\u00e8res",
            "id": "389",
            "children": [
              {
                "name": "Bi\u00e8res sans alcool",
                "id": "398"
              }
            ]
          }
        ]
      }
    ],
    "IsPrivateLabel": false,
    "amount": 0.33,
    "IsBiffe": false,
    "foodPairing": [
      "Volaille",
      "Barbecue",
      "Fromages doux",
      "P\u00e2tes & pizza",
      "Salade",
      "Veggie",
      "Viande blanche",
      "Viande rouge",
      "Ap\u00e9ritif"
    ],
    "IsWeightArticle": false,
    "WeightconversionFactor": "0",
    "nutriscoreLabel": "C",
    "IsBio": false,
    "CountryOfOrigin": "BELGIQUE",
    "IsExclusivelySoldInLuxembourg": false,
    "OrderUnit": "P",
    "AlcoholDisclaimermsg": false,
    "ShortName": "CRIS 0% CAN 33CL",
    "IsNew": false,
    "amountUnit": "kg",
    "CountryOfOriginISO": "BE",
    "EcoscoreLabel": "D",
    "ShowAlcoholLegalMsg": false,
    "LongName": "CRISTAL 0,0% can 33cl",
    "RecentQuanityOfStockUnits": "24,6,1",
    "AlcoholVolume": "0",
    "FicCode": "E",
    "EcoscoreValue": "37"
  },
  {
    "technicalArticleNumber": "4869704",
    "commercialArticleNumber": "19630",
    "gtin": [
      "05410228327653",
      "05410228327530",
      "05410228327547"
    ],
    "productId": "1251733",
    "name": "Pils 5,2% canette",
    "brand": "JUPILER",
    "seoBrand": "Jupiler",
    "thumbNail": "https://static.colruytgroup.com/images/200x200/std.lang.all/10/71/asset-3791071.jpg",
    "fullImage": "https://static.colruytgroup.com/images/500x500/std.lang.all/10/71/asset-3791071.jpg",
    "squareImage": "https://static.colruytgroup.com/images/500x500sq/std.lang.all/10/71/asset-3791071.jpg",
    "content": "50cl",
    "price": {
      "basicPrice": 1.31,
      "recommendedQuantity": "8.0",
      "measurementUnitPrice": 2.62,
      "measurementUnit": "L",
      "isRedPrice": false,
      "pricePerUOM": 2.62,
      "activationDate": "30-05-2025",
      "recordSource": "Offline",
      "isPromoActive": "N",
      "priceChangeCode": "E",
      "priceReason": "Reaction"
    },
    "isPriceAvailable": true,
    "channelAvailability": [
      "3_BE_STORE",
      "8_BE_STORE",
      "8_LU_STORE",
      "8_BE_COLLECT_NEXT_DAY",
      "8_BE_HOME_DELIVERY",
      "8_BE_HOME_DELIVERY_DRIVER"
    ],
    "businessDomain": "RETAIL_BE",
    "walkRouteSequenceNumber": 4006,
    "isAvailable": true,
    "inPromo": false,
    "topCategoryName": "Boissons",
    "topCategoryId": "354",
    "categories": [
      {
        "name": "Boissons",
        "id": "354",
        "children": [
          {
            "name": "Bi\u00e8res",
            "id": "389",
            "children": [
              {
                "name": "Pils",
                "id": "1551",
                "children": [
                  {
                    "name": "Pils en canettes",
                    "id": "1553"
                  }
                ]
              }
            ]
          }
        ]
      }
    ],
    "IsPrivateLabel": false,
    "amount": 0.5,
    "IsBiffe": false,
    "WeightconversionFactor": "0",
    "foodPairing": [
      "Volaille",
      "Veggie",
      "Salade",
      "Ap\u00e9ritif",
      "Poisson",
      "Fromages doux",
      "Crustac\u00e9s",
      "P\u00e2tes & pizza"
    ],
    "IsWeightArticle": false,
    "IsBio": false,
    "CountryOfOrigin": "BELGIQUE",
    "IsExclusivelySoldInLuxembourg": false,
    "OrderUnit": "P",
    "ShortName": "JUPI PILS CAN 50CL",
    "AlcoholDisclaimermsg": true,
    "IsNew": false,
    "amountUnit": "kg",
    "CountryOfOriginISO": "BE",
    "ShowAlcoholLegalMsg": true,
    "LongName": "JUPILER Pils 5,2% canette 50cl",
    "RecentQuanityOfStockUnits": "8,1,24",
    "AlcoholVolume": "5.2",
    "FicCode": "E"
  },
  {
    "technicalArticleNumber": "4887838",
    "commercialArticleNumber": "39358",
    "gtin": [
      "05411616009328",
      "05411616009335",
      "05411616009342"
    ],
    "productId": "1264586",
    "name": "Pils 5.2% can",
    "description": "*Pils\n*5,2% vol",
    "brand": "TOUT BIEN",
    "seoBrand": "Tout Bien",
    "thumbNail": "https://static.colruytgroup.com/images/200x200/std.lang.all/91/62/asset-3789162.jpg",
    "fullImage": "https://static.colruytgroup.com/images/500x500/std.lang.all/91/62/asset-3789162.jpg",
    "squareImage": "https://static.colruytgroup.com/images/500x500sq/std.lang.all/91/62/asset-3789162.jpg",
    "content": "50cl",
    "price": {
      "basicPrice": 1.32,
      "recommendedQuantity": "4.0",
      "measurementUnitPrice": 2.64,
      "measurementUnit": "L",
      "isRedPrice": false,
      "pricePerUOM": 2.64,
      "activationDate": "18-04-2025",
      "isPromoActive": "N",
      "priceChangeCode": "H",
      "priceReason": "FALLBACK"
    },
    "isPriceAvailable": true,
    "channelAvailability": [
      "8_BE_STORE",
      "8_BE_COLLECT_NEXT_DAY",
      "8_BE_HOME_DELIVERY_DRIVER"
    ],
    "businessDomain": "RETAIL_BE",
    "walkRouteSequenceNumber": 3900,
    "isAvailable": true,
    "inPromo": false,
    "topCategoryName": "Boissons",
    "topCategoryId": "354",
    "categories": [
      {
        "name": "Boissons",
        "id": "354",
        "children": [
          {
            "name": "Bi\u00e8res",
            "id": "389",
            "children": [
              {
                "name": "Pils",
                "id": "1551",
                "children": [
                  {
                    "name": "Pils en canettes",
                    "id": "1553"
                  }
                ]
              }
            ]
          }
        ]
      }
    ],
    "IsPrivateLabel": false,
    "amount": 0.503,
    "IsBiffe": false,
    "foodPairing": [
      "Viande rouge",
      "Barbecue"
    ],
    "IsWeightArticle": false,
    "WeightconversionFactor": "0",
    "IsBio": false,
    "CountryOfOrigin": "BELGIQUE",
    "IsExclusivelySoldInLuxembourg": false,
    "OrderUnit": "P",
    "AlcoholDisclaimermsg": true,
    "ShortName": "TOBI PILS 5.2% CAN 50CL",
    "IsNew": false,
    "amountUnit": "kg",
    "CountryOfOriginISO": "BE",
    "EcoscoreLabel": "C",
    "ShowAlcoholLegalMsg": true,
    "LongName": "TOUT BIEN Pils 5.2% can 50cl",
    "RecentQuanityOfStockUnits": "1,4,24",
    "AlcoholVolume": "5.2",
    "FicCode": "E",
    "EcoscoreValue": "49"
  },
  {
    "technicalArticleNumber": "3173173",
    "commercialArticleNumber": "38431",
    "gtin": [
      "05410228214939",
      "05410228214946",
      "05410228214953"
    ],
    "productId": "136502",
    "name": "pils 5,2% Cold Grip can",
    "description": "*Pils\n*5,2 % vol",
    "brand": "JUPILER",
    "seoBrand": "Jupiler",
    "thumbNail": "https://static.colruytgroup.com/images/200x200/std.lang.all/11/11/asset-1781111.jpg",
    "fullImage": "https://static.colruytgroup.com/images/500x500/std.lang.all/11/11/asset-1781111.jpg",
    "squareImage": "https://static.colruytgroup.com/images/500x500sq/std.lang.all/11/11/asset-1781111.jpg",
    "content": "33cl",
    "price": {
      "basicPrice": 1.33,
      "recommendedQuantity": "6.0",
      "measurementUnitPrice": 4.04,
      "measurementUnit": "L",
      "isRedPrice": false,
      "pricePerUOM": 4.04,
      "activationDate": "30-05-2025",
      "recordSource": "Offline",
      "isPromoActive": "N",
      "priceChangeCode": "L",
      "priceReason": "Reaction"
    },
    "isPriceAvailable": true,
    "channelAvailability": [
      "3_BE_STORE",
      "8_BE_STORE",
      "8_LU_STORE",
      "8_BE_COLLECT_NEXT_DAY",
      "8_BE_HOME_DELIVERY",
      "8_BE_HOME_DELIVERY_DRIVER"
    ],
    "businessDomain": "RETAIL_BE",
    "walkRouteSequenceNumber": 4061,
    "isAvailable": true,
    "inPromo": false,
    "topCategoryName": "Boissons",
    "topCategoryId": "354",
    "categories": [
      {
        "name": "Boissons",
        "id": "354",
        "children": [
          {
            "name": "Bi\u00e8res",
            "id": "389",
            "children": [
              {
                "name": "Pils",
                "id": "1551",
                "children": [
                  {
                    "name": "Pils en canettes",
                    "id": "1553"
                  }
                ]
              }
            ]
          }
        ]
      }
    ],
    "IsPrivateLabel": false,
    "amount": 0.33,
    "IsBiffe": false,
    "WeightconversionFactor": "0",
    "foodPairing": [
      "Volaille",
      "Veggie",
      "Salade",
      "Ap\u00e9ritif",
      "Poisson",
      "Fromages doux",
      "Crustac\u00e9s",
      "P\u00e2tes & pizza"
    ],
    "IsWeightArticle": false,
    "IsBio": false,
    "CountryOfOrigin": "BELGIQUE",
    "IsExclusivelySoldInLuxembourg": false,
    "OrderUnit": "P",
    "ShortName": "JUPI PILS CG CAN 33CL",
    "AlcoholDisclaimermsg": true,
    "IsNew": false,
    "amountUnit": "kg",
    "CountryOfOriginISO": "BE",
    "ShowAlcoholLegalMsg": true,
    "LongName": "JUPILER pils 5,2% Cold Grip can 33cl",
    "RecentQuanityOfStockUnits": "1,6,24",
    "AlcoholVolume": "5.2",
    "FicCode": "E"
  },
  {
    "technicalArticleNumber": "4890661",
    "commercialArticleNumber": "2339",
    "gtin": [
      "05410228330011",
      "05410228330028",
      "05410228329954"
    ],
    "productId": "1266727",
    "name": "0,0% Cold Grip blik",
    "description": "*Pils\n*Sans alcool",
    "brand": "STELLA ARTOIS",
    "seoBrand": "Stella Artois",
    "thumbNail": "https://static.colruytgroup.com/images/200x200/std.lang.all/26/48/asset-3832648.jpg",
    "fullImage": "https://static.colruytgroup.com/images/500x500/std.lang.all/26/48/asset-3832648.jpg",
    "squareImage": "https://static.colruytgroup.com/images/500x500sq/std.lang.all/26/48/asset-3832648.jpg",
    "content": "33cl",
    "price": {
      "basicPrice": 1.33,
      "recommendedQuantity": "6.0",
      "measurementUnitPrice": 4.04,
      "measurementUnit": "L",
      "isRedPrice": false,
      "pricePerUOM": 4.04,
      "activationDate": "04-06-2025",
      "isPromoActive": "Y",
      "priceChangeCode": "E",
      "priceReason": "Promo"
    },
    "isPriceAvailable": true,
    "channelAvailability": [
      "3_BE_STORE",
      "8_BE_STORE",
      "8_BE_COLLECT_NEXT_DAY",
      "8_BE_HOME_DELIVERY",
      "8_BE_HOME_DELIVERY_DRIVER"
    ],
    "businessDomain": "RETAIL_BE",
    "walkRouteSequenceNumber": 4154,
    "isAvailable": true,
    "inPromo": true,
    "promotion": [
      {
        "techPromoId": "101271COLR",
        "promotionId": "101271",
        "promotionType": "4",
        "isPersonalized": "N",
        "publicationStartDate": "04-06-2025",
        "publicationEndDate": "17-06-2025",
        "topPromo": false
      }
    ],
    "topCategoryName": "Boissons",
    "topCategoryId": "354",
    "categories": [
      {
        "name": "Boissons",
        "id": "354",
        "children": [
          {
            "name": "Bi\u00e8res",
            "id": "389",
            "children": [
              {
                "name": "Bi\u00e8res sans alcool",
                "id": "398"
              }
            ]
          }
        ]
      }
    ],
    "IsPrivateLabel": false,
    "amount": 0.33,
    "IsBiffe": false,
    "foodPairing": [
      "Viande rouge",
      "Volaille",
      "Veggie",
      "Salade",
      "P\u00e2tes & pizza",
      "Poisson",
      "Gibier",
      "Fromages forts",
      "Fromages doux",
      "Desserts",
      "Crustac\u00e9s",
      "Barbecue",
      "Ap\u00e9ritif",
      "Viande blanche"
    ],
    "IsWeightArticle": false,
    "WeightconversionFactor": "0",
    "nutriscoreLabel": "B",
    "IsBio": false,
    "CountryOfOrigin": "BELGIQUE",
    "IsExclusivelySoldInLuxembourg": false,
    "OrderUnit": "P",
    "AlcoholDisclaimermsg": false,
    "ShortName": "STEL 0.0% PILS CG 33CL",
    "IsNew": false,
    "amountUnit": "kg",
    "CountryOfOriginISO": "BE",
    "ShowAlcoholLegalMsg": false,
    "LongName": "STELLA ARTOIS 0,0% Cold Grip blik 33cl",
    "RecentQuanityOfStockUnits": "1,6,24",
    "AlcoholVolume": "0",
    "FicCode": "E"
  },
  {
    "technicalArticleNumber": "4806545",
    "commercialArticleNumber": "10297",
    "gtin": [
      "05412583208509",
      "05412583108502"
    ],
    "productId": "1073049",
    "name": "Bi\u00e8re sans alcool 0,3% can",
    "description": "*Bi\u00e8re sans alcool\n*Blonde\n*0,3 % vol",
    "brand": "RAMON",
    "seoBrand": "Ramon",
    "thumbNail": "https://static.colruytgroup.com/images/200x200/std.lang.all/17/33/asset-3461733.jpg",
    "fullImage": "https://static.colruytgroup.com/images/500x500/std.lang.all/17/33/asset-3461733.jpg",
    "squareImage": "https://static.colruytgroup.com/images/500x500sq/std.lang.all/17/33/asset-3461733.jpg",
    "content": "33cl",
    "price": {
      "basicPrice": 1.37,
      "recommendedQuantity": "1.0",
      "quantityPrice": 1.32,
      "quantityPriceQuantity": "24.0",
      "measurementUnitPrice": 4.16,
      "measurementUnitQuantityPrice": {
        "source": "4.0",
        "parsedValue": 4
      },
      "measurementUnit": "L",
      "isRedPrice": false,
      "pricePerUOM": 4.16,
      "activationDate": "07-05-2025",
      "recordSource": "Online",
      "isPromoActive": "N",
      "priceChangeCode": "E",
      "quantityPricePerUOM": {
        "source": "4.0",
        "parsedValue": 4
      },
      "quantityActivationDate": "07-05-2025",
      "quantityPriceChangeCode": "H",
      "priceReason": "Reaction"
    },
    "isPriceAvailable": true,
    "channelAvailability": [
      "3_BE_STORE",
      "8_BE_STORE",
      "8_BE_COLLECT_NEXT_DAY",
      "8_BE_HOME_DELIVERY_DRIVER"
    ],
    "businessDomain": "RETAIL_BE",
    "walkRouteSequenceNumber": 4141,
    "isAvailable": true,
    "inPromo": false,
    "topCategoryName": "Boissons",
    "topCategoryId": "354",
    "categories": [
      {
        "name": "Boissons",
        "id": "354",
        "children": [
          {
            "name": "Bi\u00e8res",
            "id": "389",
            "children": [
              {
                "name": "Bi\u00e8res sans alcool",
                "id": "398"
              }
            ]
          }
        ]
      }
    ],
    "IsPrivateLabel": false,
    "amount": 0.33,
    "IsBiffe": false,
    "foodPairing": [
      "Volaille",
      "Viande blanche",
      "Ap\u00e9ritif",
      "Barbecue",
      "Crustac\u00e9s",
      "Desserts",
      "Fromages doux",
      "Veggie",
      "Salade",
      "Poisson",
      "Fromages forts"
    ],
    "IsWeightArticle": false,
    "WeightconversionFactor": "0",
    "nutriscoreLabel": "C",
    "IsBio": false,
    "CountryOfOrigin": "BELGIQUE",
    "IsExclusivelySoldInLuxembourg": false,
    "OrderUnit": "P",
    "AlcoholDisclaimermsg": false,
    "ShortName": "RAMO PILS 0.3% BLIK33CL",
    "IsNew": false,
    "amountUnit": "kg",
    "CountryOfOriginISO": "BE",
    "ShowAlcoholLegalMsg": false,
    "LongName": "RAMON Bi\u00e8re sans alcool 0,3% can 33cl",
    "RecentQuanityOfStockUnits": "1,24",
    "AlcoholVolume": "0.3",
    "FicCode": "E"
  },
  {
    "technicalArticleNumber": "4556821",
    "commercialArticleNumber": "22103",
    "gtin": [
      "05410263926255",
      "05410263926279",
      "05410263926262"
    ],
    "productId": "770006",
    "name": "pils 5,2% can",
    "description": "*Pils belge\n*Ingr\u00e9dients locaux\n*3 grains\n*EBU 22, non filtr\u00e9e\n*5,2% VOL",
    "brand": "CRISTAL XTRA",
    "seoBrand": "Cristal XTRA",
    "thumbNail": "https://static.colruytgroup.com/images/200x200/std.lang.all/60/34/asset-3806034.jpg",
    "fullImage": "https://static.colruytgroup.com/images/500x500/std.lang.all/60/34/asset-3806034.jpg",
    "squareImage": "https://static.colruytgroup.com/images/500x500sq/std.lang.all/60/34/asset-3806034.jpg",
    "content": "33cl",
    "price": {
      "basicPrice": 1.41,
      "recommendedQuantity": "6.0",
      "measurementUnitPrice": 4.28,
      "measurementUnit": "L",
      "isRedPrice": false,
      "pricePerUOM": 4.28,
      "activationDate": "21-05-2025",
      "recordSource": "Online",
      "isPromoActive": "N",
      "priceChangeCode": "E",
      "priceReason": "Reaction"
    },
    "isPriceAvailable": true,
    "channelAvailability": [
      "8_BE_STORE",
      "8_BE_COLLECT_NEXT_DAY",
      "8_BE_HOME_DELIVERY",
      "8_BE_HOME_DELIVERY_DRIVER"
    ],
    "businessDomain": "RETAIL_BE",
    "walkRouteSequenceNumber": 4086,
    "isAvailable": true,
    "inPromo": false,
    "topCategoryName": "Boissons",
    "topCategoryId": "354",
    "categories": [
      {
        "name": "Boissons",
        "id": "354",
        "children": [
          {
            "name": "Bi\u00e8res",
            "id": "389",
            "children": [
              {
                "name": "Pils",
                "id": "1551",
                "children": [
                  {
                    "name": "Pils en canettes",
                    "id": "1553"
                  }
                ]
              }
            ]
          }
        ]
      }
    ],
    "IsPrivateLabel": false,
    "amount": 0.33,
    "IsBiffe": false,
    "foodPairing": [
      "Salade",
      "Barbecue",
      "Fromages doux",
      "Fruits de mer",
      "Plats v\u00e9g\u00e9tariens",
      "Volaille",
      "Viande blanche",
      "Ap\u00e9ritif",
      "P\u00e2tes & pizza",
      "Poisson"
    ],
    "IsWeightArticle": false,
    "WeightconversionFactor": "0",
    "IsBio": false,
    "CountryOfOrigin": "BELGIQUE",
    "IsExclusivelySoldInLuxembourg": false,
    "OrderUnit": "P",
    "AlcoholDisclaimermsg": true,
    "ShortName": "CRIS XTRA PILS CAN 33CL",
    "IsNew": false,
    "amountUnit": "kg",
    "CountryOfOriginISO": "BE",
    "EcoscoreLabel": "D",
    "ShowAlcoholLegalMsg": true,
    "LongName": "CRISTAL XTRA pils 5,2% can 33cl",
    "RecentQuanityOfStockUnits": "24,6,1",
    "AlcoholVolume": "5.2",
    "FicCode": "E",
    "EcoscoreValue": "37"
  },
  {
    "technicalArticleNumber": "2471286",
    "commercialArticleNumber": "38302",
    "gtin": [
      "05410228202929",
      "05410228202936",
      "05410228202912",
      "05410228287636",
      "05410228287704"
    ],
    "productId": "55632",
    "name": "0,0% bi\u00e8re blanche can",
    "description": "*Bi\u00e8re sans alcool\n*Bi\u00e8re blanche",
    "brand": "HOEGAARDEN",
    "seoBrand": "Hoegaarden",
    "thumbNail": "https://static.colruytgroup.com/images/200x200/std.lang.all/41/43/asset-1994143.jpg",
    "fullImage": "https://static.colruytgroup.com/images/500x500/std.lang.all/41/43/asset-1994143.jpg",
    "squareImage": "https://static.colruytgroup.com/images/500x500sq/std.lang.all/41/43/asset-1994143.jpg",
    "content": "33cl",
    "price": {
      "basicPrice": 1.44,
      "recommendedQuantity": "6.0",
      "measurementUnitPrice": 4.37,
      "measurementUnit": "L",
      "isRedPrice": false,
      "pricePerUOM": 4.37,
      "activationDate": "04-06-2025",
      "recordSource": "Offline",
      "isPromoActive": "N",
      "priceChangeCode": "E",
      "priceReason": "Reaction"
    },
    "isPriceAvailable": true,
    "channelAvailability": [
      "8_BE_STORE",
      "8_LU_STORE",
      "8_BE_COLLECT_NEXT_DAY",
      "8_BE_HOME_DELIVERY",
      "8_BE_HOME_DELIVERY_DRIVER"
    ],
    "businessDomain": "RETAIL_BE",
    "walkRouteSequenceNumber": 4122,
    "isAvailable": true,
    "inPromo": true,
    "promotion": [
      {
        "techPromoId": "101271COLR",
        "promotionId": "101271",
        "promotionType": "4",
        "isPersonalized": "N",
        "publicationStartDate": "04-06-2025",
        "publicationEndDate": "17-06-2025",
        "topPromo": false
      }
    ],
    "topCategoryName": "Boissons",
    "topCategoryId": "354",
    "categories": [
      {
        "name": "Boissons",
        "id": "354",
        "children": [
          {
            "name": "Bi\u00e8res",
            "id": "389",
            "children": [
              {
                "name": "Bi\u00e8re blanche, bi\u00e8re aux fruits et bi",
                "id": "395"
              }
            ]
          }
        ]
      }
    ],
    "IsPrivateLabel": false,
    "amount": 0.33,
    "IsBiffe": false,
    "foodPairing": [
      "Veggie",
      "Salade",
      "P\u00e2tes & pizza",
      "Ap\u00e9ritif",
      "Fromages doux",
      "Crustac\u00e9s",
      "Barbecue",
      "Poisson"
    ],
    "IsWeightArticle": false,
    "WeightconversionFactor": "0",
    "nutriscoreLabel": "C",
    "IsBio": false,
    "CountryOfOrigin": "BELGIQUE",
    "IsExclusivelySoldInLuxembourg": false,
    "OrderUnit": "P",
    "AlcoholDisclaimermsg": false,
    "InSeason": true,
    "ShortName": "HOEG 0.0% BLAN.CAN 33CL",
    "IsNew": false,
    "amountUnit": "kg",
    "CountryOfOriginISO": "BE",
    "ShowAlcoholLegalMsg": false,
    "LongName": "HOEGAARDEN 0,0% bi\u00e8re blanche can 33cl",
    "RecentQuanityOfStockUnits": "1,6,24",
    "AlcoholVolume": "0",
    "StartSeasonDate": "13/03/2025",
    "FicCode": "E"
  },
  {
    "technicalArticleNumber": "2776421",
    "commercialArticleNumber": "21633",
    "gtin": [
      "05410228243571",
      "05410228243564",
      "05410228243526",
      "05410228205845",
      "05410228287889",
      "05410228287681",
      "05410228287728"
    ],
    "productId": "61942",
    "name": "0,0% Ros\u00e9e canette",
    "description": "*Bi\u00e8re sans alcool",
    "brand": "HOEGAARDEN",
    "seoBrand": "Hoegaarden",
    "thumbNail": "https://static.colruytgroup.com/images/200x200/std.lang.all/18/19/asset-2451819.jpg",
    "fullImage": "https://static.colruytgroup.com/images/500x500/std.lang.all/18/19/asset-2451819.jpg",
    "squareImage": "https://static.colruytgroup.com/images/500x500sq/std.lang.all/18/19/asset-2451819.jpg",
    "content": "33cl",
    "price": {
      "basicPrice": 1.44,
      "recommendedQuantity": "6.0",
      "measurementUnitPrice": 4.37,
      "measurementUnit": "L",
      "isRedPrice": false,
      "pricePerUOM": 4.37,
      "activationDate": "03-06-2025",
      "recordSource": "Offline",
      "isPromoActive": "N",
      "priceChangeCode": "L",
      "priceReason": "Reaction"
    },
    "isPriceAvailable": true,
    "channelAvailability": [
      "3_BE_STORE",
      "8_BE_STORE",
      "8_LU_STORE",
      "8_BE_COLLECT_NEXT_DAY",
      "8_BE_HOME_DELIVERY",
      "8_BE_HOME_DELIVERY_DRIVER"
    ],
    "businessDomain": "RETAIL_BE",
    "walkRouteSequenceNumber": 4134,
    "isAvailable": true,
    "inPromo": true,
    "promotion": [
      {
        "techPromoId": "101271COLR",
        "promotionId": "101271",
        "promotionType": "4",
        "isPersonalized": "N",
        "publicationStartDate": "04-06-2025",
        "publicationEndDate": "17-06-2025",
        "topPromo": false
      }
    ],
    "topCategoryName": "Boissons",
    "topCategoryId": "354",
    "categories": [
      {
        "name": "Boissons",
        "id": "354",
        "children": [
          {
            "name": "Bi\u00e8res",
            "id": "389",
            "children": [
              {
                "name": "Bi\u00e8res sans alcool",
                "id": "398"
              }
            ]
          }
        ]
      }
    ],
    "IsPrivateLabel": false,
    "amount": 0.33,
    "IsBiffe": false,
    "foodPairing": [
      "Ap\u00e9ritif",
      "Barbecue",
      "Crustac\u00e9s",
      "Veggie",
      "Salade",
      "P\u00e2tes & pizza",
      "Poisson",
      "Fromages doux"
    ],
    "IsWeightArticle": false,
    "WeightconversionFactor": "0",
    "nutriscoreLabel": "D",
    "IsBio": false,
    "CountryOfOrigin": "BELGIQUE",
    "IsExclusivelySoldInLuxembourg": false,
    "OrderUnit": "P",
    "AlcoholDisclaimermsg": false,
    "InSeason": true,
    "ShortName": "HOEG ROSEE 0% CAN 33CL",
    "IsNew": false,
    "amountUnit": "kg",
    "CountryOfOriginISO": "BE",
    "ShowAlcoholLegalMsg": false,
    "LongName": "HOEGAARDEN 0,0% Ros\u00e9e canette 33cl",
    "RecentQuanityOfStockUnits": "6,1,24",
    "AlcoholVolume": "0",
    "StartSeasonDate": "27/11/2012",
    "FicCode": "E"
  },
  {
    "technicalArticleNumber": "1355168",
    "commercialArticleNumber": "5161",
    "gtin": [
      "03080216054599",
      "03080216054575",
      "03080216054582",
      "05900014091450",
      "05900014063839",
      "05900014005488",
      "03080216027760",
      "03080216027906",
      "03080216027791"
    ],
    "productId": "11507",
    "name": "Pils 5% can",
    "description": "*Pils\n*5 % vol",
    "brand": "CARLSBERG",
    "seoBrand": "Carlsberg",
    "thumbNail": "https://static.colruytgroup.com/images/200x200/std.lang.all/71/74/asset-3797174.jpg",
    "fullImage": "https://static.colruytgroup.com/images/500x500/std.lang.all/71/74/asset-3797174.jpg",
    "squareImage": "https://static.colruytgroup.com/images/500x500sq/std.lang.all/71/74/asset-3797174.jpg",
    "content": "33cl",
    "price": {
      "basicPrice": 1.44,
      "recommendedQuantity": "6.0",
      "quantityPrice": 1.38,
      "quantityPriceQuantity": "24.0",
      "measurementUnitPrice": 4.37,
      "measurementUnitQuantityPrice": 4.19,
      "measurementUnit": "L",
      "isRedPrice": false,
      "pricePerUOM": 4.37,
      "activationDate": "08-05-2025",
      "recordSource": "Offline",
      "isPromoActive": "N",
      "priceChangeCode": "E",
      "quantityPricePerUOM": 4.19,
      "quantityActivationDate": "08-05-2025",
      "quantityPriceChangeCode": "E",
      "priceReason": "Reaction"
    },
    "isPriceAvailable": true,
    "channelAvailability": [
      "8_BE_STORE",
      "8_BE_COLLECT_NEXT_DAY",
      "8_BE_HOME_DELIVERY",
      "8_BE_HOME_DELIVERY_DRIVER"
    ],
    "businessDomain": "RETAIL_BE",
    "walkRouteSequenceNumber": 4097,
    "isAvailable": true,
    "inPromo": false,
    "topCategoryName": "Boissons",
    "topCategoryId": "354",
    "categories": [
      {
        "name": "Boissons",
        "id": "354",
        "children": [
          {
            "name": "Bi\u00e8res",
            "id": "389",
            "children": [
              {
                "name": "Pils",
                "id": "1551",
                "children": [
                  {
                    "name": "Pils en canettes",
                    "id": "1553"
                  }
                ]
              }
            ]
          }
        ]
      }
    ],
    "IsPrivateLabel": false,
    "amount": 0.33,
    "IsBiffe": false,
    "foodPairing": [
      "Veggie",
      "Crustac\u00e9s",
      "Fromages doux",
      "Poisson",
      "P\u00e2tes & pizza",
      "Volaille",
      "Ap\u00e9ritif",
      "Salade"
    ],
    "IsWeightArticle": false,
    "WeightconversionFactor": "0",
    "IsBio": false,
    "CountryOfOrigin": "POLOGNE",
    "IsExclusivelySoldInLuxembourg": false,
    "OrderUnit": "P",
    "AlcoholDisclaimermsg": true,
    "ShortName": "CARL PILS 5% CAN 33CL",
    "IsNew": false,
    "amountUnit": "kg",
    "CountryOfOriginISO": "PL",
    "EcoscoreLabel": "C",
    "ShowAlcoholLegalMsg": true,
    "LongName": "CARLSBERG Pils 5% can 33cl",
    "RecentQuanityOfStockUnits": "6,1,24",
    "AlcoholVolume": "5",
    "FicCode": "E",
    "EcoscoreValue": "53"
  },
  {
    "technicalArticleNumber": "4823993",
    "commercialArticleNumber": "7093",
    "gtin": [
      "05411616008635",
      "05411616008642"
    ],
    "productId": "1149262",
    "name": "Rouge 6,9%",
    "description": "*Bi\u00e8re fruit\u00e9e\n*6,9% vol",
    "brand": "TOUT BIEN",
    "seoBrand": "Tout Bien",
    "thumbNail": "https://static.colruytgroup.com/images/200x200/std.lang.all/00/98/asset-3550098.jpg",
    "fullImage": "https://static.colruytgroup.com/images/500x500/std.lang.all/00/98/asset-3550098.jpg",
    "squareImage": "https://static.colruytgroup.com/images/500x500sq/std.lang.all/00/98/asset-3550098.jpg",
    "content": "33cl",
    "price": {
      "basicPrice": 1.47,
      "recommendedQuantity": "4.0",
      "measurementUnitPrice": 4.46,
      "measurementUnit": "L",
      "isRedPrice": false,
      "pricePerUOM": 4.46,
      "activationDate": "02-06-2025",
      "recordSource": "Offline",
      "isPromoActive": "N",
      "priceChangeCode": "H",
      "priceReason": "Reaction"
    },
    "isPriceAvailable": true,
    "channelAvailability": [
      "3_BE_STORE",
      "8_BE_STORE",
      "8_BE_COLLECT_NEXT_DAY",
      "8_BE_HOME_DELIVERY",
      "8_BE_HOME_DELIVERY_DRIVER"
    ],
    "businessDomain": "RETAIL_BE",
    "walkRouteSequenceNumber": 4052,
    "isAvailable": true,
    "inPromo": false,
    "topCategoryName": "Boissons",
    "topCategoryId": "354",
    "categories": [
      {
        "name": "Boissons",
        "id": "354",
        "children": [
          {
            "name": "Bi\u00e8res",
            "id": "389",
            "children": [
              {
                "name": "Bi\u00e8re blanche, bi\u00e8re aux fruits et bi",
                "id": "395"
              }
            ]
          }
        ]
      }
    ],
    "IsPrivateLabel": false,
    "amount": 0.33,
    "IsBiffe": false,
    "foodPairing": [
      "Barbecue",
      "Ap\u00e9ritif"
    ],
    "IsWeightArticle": false,
    "WeightconversionFactor": "0",
    "IsBio": false,
    "CountryOfOrigin": "BELGIQUE",
    "IsExclusivelySoldInLuxembourg": false,
    "OrderUnit": "P",
    "AlcoholDisclaimermsg": true,
    "ShortName": "TOBI ROUGE 6.9%BLIK33CL",
    "IsNew": false,
    "amountUnit": "kg",
    "CountryOfOriginISO": "BE",
    "EcoscoreLabel": "C",
    "ShowAlcoholLegalMsg": true,
    "LongName": "TOUT BIEN Rouge 6,9% 33cl",
    "RecentQuanityOfStockUnits": "1,4",
    "AlcoholVolume": "6.9",
    "FicCode": "E",
    "EcoscoreValue": "50"
  },
  {
    "technicalArticleNumber": "4242957",
    "commercialArticleNumber": "19797",
    "gtin": [
      "05410228326984",
      "05410228326991",
      "05410228260509",
      "05410228260516",
      "05410228260523"
    ],
    "productId": "586605",
    "name": "Pils 5,2% canette",
    "description": "*Pilsbier\n*5,2 % vol",
    "brand": "STELLA ARTOIS",
    "seoBrand": "Stella Artois",
    "thumbNail": "https://static.colruytgroup.com/images/200x200/std.lang.all/99/69/asset-2059969.jpg",
    "fullImage": "https://static.colruytgroup.com/images/500x500/std.lang.all/99/69/asset-2059969.jpg",
    "squareImage": "https://static.colruytgroup.com/images/500x500sq/std.lang.all/99/69/asset-2059969.jpg",
    "content": "50cl",
    "price": {
      "basicPrice": 1.48,
      "recommendedQuantity": "8.0",
      "measurementUnitPrice": 2.96,
      "measurementUnit": "L",
      "isRedPrice": false,
      "pricePerUOM": 2.96,
      "activationDate": "04-06-2025",
      "isPromoActive": "Y",
      "priceChangeCode": "E",
      "priceReason": "Promo"
    },
    "isPriceAvailable": true,
    "channelAvailability": [
      "3_BE_STORE",
      "8_BE_STORE",
      "8_BE_COLLECT_NEXT_DAY",
      "8_BE_HOME_DELIVERY",
      "8_BE_HOME_DELIVERY_DRIVER"
    ],
    "businessDomain": "RETAIL_BE",
    "walkRouteSequenceNumber": 4088,
    "isAvailable": true,
    "inPromo": true,
    "promotion": [
      {
        "techPromoId": "101257COLR",
        "promotionId": "101257",
        "promotionType": "3",
        "isPersonalized": "N",
        "publicationStartDate": "04-06-2025",
        "publicationEndDate": "17-06-2025",
        "topPromo": false
      }
    ],
    "topCategoryName": "Boissons",
    "topCategoryId": "354",
    "categories": [
      {
        "name": "Boissons",
        "id": "354",
        "children": [
          {
            "name": "Bi\u00e8res",
            "id": "389",
            "children": [
              {
                "name": "Pils",
                "id": "1551",
                "children": [
                  {
                    "name": "Pils en canettes",
                    "id": "1553"
                  }
                ]
              }
            ]
          }
        ]
      }
    ],
    "IsPrivateLabel": false,
    "amount": 0.5,
    "IsBiffe": false,
    "foodPairing": [
      "Fromages doux",
      "Viande blanche",
      "Salade",
      "P\u00e2tes & pizza",
      "Poisson",
      "Veggie",
      "Crustac\u00e9s",
      "Ap\u00e9ritif",
      "Volaille"
    ],
    "IsWeightArticle": false,
    "WeightconversionFactor": "0",
    "IsBio": false,
    "CountryOfOrigin": "BELGIQUE",
    "IsExclusivelySoldInLuxembourg": false,
    "OrderUnit": "P",
    "AlcoholDisclaimermsg": true,
    "InSeason": true,
    "ShortName": "STEL PILS 5.2% CAN 50CL",
    "IsNew": false,
    "amountUnit": "kg",
    "CountryOfOriginISO": "BE",
    "ShowAlcoholLegalMsg": true,
    "LongName": "STELLA ARTOIS Pils 5,2% canette 50cl",
    "RecentQuanityOfStockUnits": "1,6,8,24",
    "AlcoholVolume": "5.2",
    "StartSeasonDate": "17/12/2024",
    "FicCode": "E"
  },
  {
    "technicalArticleNumber": "3709120",
    "commercialArticleNumber": "16917",
    "gtin": [
      "08712000900045",
      "08712000018955",
      "08712000018948"
    ],
    "productId": "288178",
    "name": "pils 5,0%vol canette",
    "description": "*Bi\u00e8re blonde\n*Premium pilsener\n*Houblonn\u00e9e\n*Fruit\u00e9e\n*5,0% VOL",
    "brand": "HEINEKEN",
    "seoBrand": "Heineken",
    "thumbNail": "https://static.colruytgroup.com/images/200x200/std.lang.all/37/58/asset-3803758.jpg",
    "fullImage": "https://static.colruytgroup.com/images/500x500/std.lang.all/37/58/asset-3803758.jpg",
    "squareImage": "https://static.colruytgroup.com/images/500x500sq/std.lang.all/37/58/asset-3803758.jpg",
    "content": "50cl",
    "price": {
      "basicPrice": 1.49,
      "recommendedQuantity": "4.0",
      "quantityPrice": 1.44,
      "quantityPriceQuantity": "6.0",
      "measurementUnitPrice": 2.98,
      "measurementUnitQuantityPrice": 2.88,
      "measurementUnit": "L",
      "isRedPrice": false,
      "pricePerUOM": 2.98,
      "activationDate": "21-03-2025",
      "recordSource": "Offline",
      "isPromoActive": "N",
      "priceChangeCode": "E",
      "quantityPricePerUOM": 2.88,
      "quantityActivationDate": "21-03-2025",
      "quantityPriceChangeCode": "H",
      "priceReason": "Reaction"
    },
    "isPriceAvailable": true,
    "channelAvailability": [
      "8_BE_STORE",
      "8_LU_STORE",
      "8_BE_COLLECT_NEXT_DAY",
      "8_BE_HOME_DELIVERY_DRIVER"
    ],
    "businessDomain": "RETAIL_BE",
    "walkRouteSequenceNumber": 3901,
    "isAvailable": true,
    "inPromo": false,
    "topCategoryName": "Boissons",
    "topCategoryId": "354",
    "categories": [
      {
        "name": "Boissons",
        "id": "354",
        "children": [
          {
            "name": "Bi\u00e8res",
            "id": "389",
            "children": [
              {
                "name": "Pils",
                "id": "1551",
                "children": [
                  {
                    "name": "Pils en canettes",
                    "id": "1553"
                  }
                ]
              }
            ]
          }
        ]
      }
    ],
    "IsPrivateLabel": false,
    "amount": 0.5,
    "IsBiffe": false,
    "WeightconversionFactor": "0",
    "foodPairing": [
      "Fromages doux",
      "Crustac\u00e9s",
      "Ap\u00e9ritif",
      "Volaille",
      "Veggie",
      "Salade",
      "P\u00e2tes & pizza",
      "Poisson"
    ],
    "IsWeightArticle": false,
    "IsBio": false,
    "CountryOfOrigin": "PAYS-BAS",
    "IsExclusivelySoldInLuxembourg": false,
    "OrderUnit": "P",
    "ShortName": "HEINEKEN CAN 50 CL",
    "AlcoholDisclaimermsg": true,
    "IsNew": false,
    "amountUnit": "kg",
    "CountryOfOriginISO": "NL",
    "ShowAlcoholLegalMsg": true,
    "LongName": "HEINEKEN pils 5,0%vol canette 50cl",
    "RecentQuanityOfStockUnits": "24,1,4",
    "AlcoholVolume": "5",
    "FicCode": "E"
  },
  {
    "technicalArticleNumber": "4886376",
    "commercialArticleNumber": "30784",
    "gtin": [
      "05410228277613",
      "05410228277736",
      "05410228277743"
    ],
    "productId": "1263470",
    "name": "Extra 4,5% can",
    "description": "*Pils\n*4,5% vol",
    "brand": "CORONA",
    "seoBrand": "Corona",
    "thumbNail": "https://static.colruytgroup.com/images/200x200/std.lang.all/96/42/asset-3789642.jpg",
    "fullImage": "https://static.colruytgroup.com/images/500x500/std.lang.all/96/42/asset-3789642.jpg",
    "squareImage": "https://static.colruytgroup.com/images/500x500sq/std.lang.all/96/42/asset-3789642.jpg",
    "content": "33cl",
    "price": {
      "basicPrice": 1.49,
      "recommendedQuantity": "6.0",
      "measurementUnitPrice": 4.52,
      "measurementUnit": "L",
      "isRedPrice": false,
      "pricePerUOM": 4.52,
      "activationDate": "21-05-2025",
      "recordSource": "Offline",
      "isPromoActive": "Y",
      "priceChangeCode": "E",
      "priceReason": "Reaction"
    },
    "isPriceAvailable": true,
    "channelAvailability": [
      "3_BE_STORE",
      "8_BE_STORE",
      "8_LU_STORE",
      "8_BE_COLLECT_NEXT_DAY",
      "8_BE_HOME_DELIVERY",
      "8_BE_HOME_DELIVERY_DRIVER"
    ],
    "businessDomain": "RETAIL_BE",
    "walkRouteSequenceNumber": 3899,
    "isAvailable": true,
    "inPromo": true,
    "promotion": [
      {
        "techPromoId": "101258COLR",
        "promotionId": "101258",
        "promotionType": "3",
        "isPersonalized": "N",
        "publicationStartDate": "04-06-2025",
        "publicationEndDate": "17-06-2025",
        "topPromo": false
      }
    ],
    "topCategoryName": "Boissons",
    "topCategoryId": "354",
    "categories": [
      {
        "name": "Boissons",
        "id": "354",
        "children": [
          {
            "name": "Bi\u00e8res",
            "id": "389",
            "children": [
              {
                "name": "Pils",
                "id": "1551",
                "children": [
                  {
                    "name": "Pils en bouteille",
                    "id": "1552"
                  }
                ]
              }
            ]
          }
        ]
      }
    ],
    "IsPrivateLabel": false,
    "amount": 0.333,
    "IsBiffe": false,
    "WeightconversionFactor": "0",
    "foodPairing": [
      "Fromages doux",
      "Salade",
      "P\u00e2tes & pizza",
      "Poisson",
      "Fruits de mer",
      "Volaille",
      "Veggie"
    ],
    "IsWeightArticle": false,
    "IsBio": false,
    "CountryOfOrigin": "BELGIQUE",
    "IsExclusivelySoldInLuxembourg": false,
    "OrderUnit": "P",
    "ShortName": "CORO EXTRA 4.5% CAN33CL",
    "AlcoholDisclaimermsg": true,
    "IsNew": false,
    "amountUnit": "kg",
    "CountryOfOriginISO": "BE",
    "ShowAlcoholLegalMsg": true,
    "LongName": "CORONA Extra 4,5% can 33cl",
    "RecentQuanityOfStockUnits": "6,24,1",
    "AlcoholVolume": "4.5",
    "FicCode": "E"
  },
  {
    "technicalArticleNumber": "2946423",
    "commercialArticleNumber": "23171",
    "gtin": [
      "05410263915402",
      "05410263915396",
      "05410263915419"
    ],
    "productId": "83912",
    "name": "Radler citron 2,0%vol canette",
    "description": "*Bi\u00e8re blonde\n*Touche de citron\n*Houblonn\u00e9e\n*Houblon Saaz\n*2,0% VOL",
    "brand": "MAES",
    "seoBrand": "Maes",
    "thumbNail": "https://static.colruytgroup.com/images/200x200/fra/61/27/asset-3806127.jpg",
    "fullImage": "https://static.colruytgroup.com/images/500x500/fra/61/27/asset-3806127.jpg",
    "squareImage": "https://static.colruytgroup.com/images/500x500sq/fra/61/27/asset-3806127.jpg",
    "content": "33cl",
    "price": {
      "basicPrice": 1.51,
      "recommendedQuantity": "6.0",
      "measurementUnitPrice": 4.58,
      "measurementUnit": "L",
      "isRedPrice": false,
      "pricePerUOM": 4.58,
      "activationDate": "21-05-2025",
      "recordSource": "Offline",
      "isPromoActive": "N",
      "priceChangeCode": "E",
      "priceReason": "Reaction"
    },
    "isPriceAvailable": true,
    "channelAvailability": [
      "3_BE_STORE",
      "8_BE_STORE",
      "8_BE_COLLECT_NEXT_DAY",
      "8_BE_HOME_DELIVERY",
      "8_BE_HOME_DELIVERY_DRIVER"
    ],
    "businessDomain": "RETAIL_BE",
    "walkRouteSequenceNumber": 4082,
    "isAvailable": true,
    "inPromo": false,
    "topCategoryName": "Boissons",
    "topCategoryId": "354",
    "categories": [
      {
        "name": "Boissons",
        "id": "354",
        "children": [
          {
            "name": "Bi\u00e8res",
            "id": "389",
            "children": [
              {
                "name": "Bi\u00e8re blanche, bi\u00e8re aux fruits et bi",
                "id": "395"
              }
            ]
          }
        ]
      }
    ],
    "IsPrivateLabel": false,
    "amount": 0.33,
    "IsBiffe": false,
    "foodPairing": [
      "Barbecue",
      "P\u00e2tes & pizza",
      "Ap\u00e9ritif"
    ],
    "IsWeightArticle": false,
    "WeightconversionFactor": "0",
    "IsBio": false,
    "CountryOfOrigin": "BELGIQUE",
    "IsExclusivelySoldInLuxembourg": false,
    "OrderUnit": "P",
    "AlcoholDisclaimermsg": true,
    "ShortName": "MAES RAD. CIT. CAN. 33C",
    "IsNew": false,
    "amountUnit": "kg",
    "CountryOfOriginISO": "BE",
    "EcoscoreLabel": "B",
    "ShowAlcoholLegalMsg": true,
    "LongName": "MAES Radler citron 2,0%vol canette 33cl",
    "RecentQuanityOfStockUnits": "6,1",
    "AlcoholVolume": "2",
    "FicCode": "E",
    "EcoscoreValue": "67"
  },
  {
    "technicalArticleNumber": "4804022",
    "commercialArticleNumber": "37384",
    "gtin": [
      "05410263929669",
      "05410263929652",
      "05410263929386"
    ],
    "productId": "1063852",
    "name": "Virgin 0,0% canette",
    "description": "*Bi\u00e8re sans alcool\n*Agrumes et citron\n*L\u00e9g\u00e8rement \u00e9pic\u00e9e\n*Servir tr\u00e8s frais\n*0,0% VOL",
    "brand": "DESPERADOS",
    "seoBrand": "Desperados",
    "thumbNail": "https://static.colruytgroup.com/images/200x200/std.lang.all/72/40/asset-3497240.jpg",
    "fullImage": "https://static.colruytgroup.com/images/500x500/std.lang.all/72/40/asset-3497240.jpg",
    "squareImage": "https://static.colruytgroup.com/images/500x500sq/std.lang.all/72/40/asset-3497240.jpg",
    "content": "33cl",
    "price": {
      "basicPrice": 1.53,
      "recommendedQuantity": "4.0",
      "measurementUnitPrice": 4.64,
      "measurementUnit": "L",
      "isRedPrice": false,
      "pricePerUOM": 4.64,
      "activationDate": "04-06-2025",
      "recordSource": "Offline",
      "isPromoActive": "N",
      "priceChangeCode": "E",
      "priceReason": "Reaction"
    },
    "isPriceAvailable": true,
    "channelAvailability": [
      "8_BE_STORE",
      "8_LU_STORE",
      "8_BE_COLLECT_NEXT_DAY",
      "8_BE_HOME_DELIVERY",
      "8_BE_HOME_DELIVERY_DRIVER"
    ],
    "businessDomain": "RETAIL_BE",
    "walkRouteSequenceNumber": 4128,
    "isAvailable": true,
    "inPromo": false,
    "topCategoryName": "Boissons",
    "topCategoryId": "354",
    "categories": [
      {
        "name": "Boissons",
        "id": "354",
        "children": [
          {
            "name": "Bi\u00e8res",
            "id": "389",
            "children": [
              {
                "name": "Bi\u00e8res sans alcool",
                "id": "398"
              }
            ]
          }
        ]
      }
    ],
    "IsPrivateLabel": false,
    "amount": 0.33,
    "IsBiffe": false,
    "foodPairing": [
      "Poisson",
      "Fromages doux",
      "P\u00e2tes & pizza",
      "Salade",
      "Veggie",
      "Viande blanche",
      "Volaille",
      "Crustac\u00e9s",
      "Barbecue",
      "Ap\u00e9ritif"
    ],
    "IsWeightArticle": false,
    "WeightconversionFactor": "0",
    "nutriscoreLabel": "C",
    "IsBio": false,
    "CountryOfOrigin": "PAYS-BAS",
    "IsExclusivelySoldInLuxembourg": false,
    "OrderUnit": "P",
    "AlcoholDisclaimermsg": false,
    "ShortName": "DESP VIRGIN 0% BLIK33CL",
    "IsNew": false,
    "amountUnit": "kg",
    "CountryOfOriginISO": "NL",
    "EcoscoreLabel": "D",
    "ShowAlcoholLegalMsg": false,
    "LongName": "DESPERADOS Virgin 0,0% canette 33cl",
    "RecentQuanityOfStockUnits": "4,1",
    "AlcoholVolume": "0",
    "FicCode": "E",
    "EcoscoreValue": "37"
  },
  {
    "technicalArticleNumber": "4836336",
    "commercialArticleNumber": "26506",
    "gtin": [
      "05410228201205",
      "05410228201366",
      "05410228201182"
    ],
    "productId": "1195498",
    "name": "Blonde 6,6% canette",
    "description": "*Bi\u00e8re d'abbaye\n*6,6% vol",
    "brand": "LEFFE",
    "seoBrand": "Leffe",
    "thumbNail": "https://static.colruytgroup.com/images/200x200/std.lang.all/88/66/asset-3668866.jpg",
    "fullImage": "https://static.colruytgroup.com/images/500x500/std.lang.all/88/66/asset-3668866.jpg",
    "squareImage": "https://static.colruytgroup.com/images/500x500sq/std.lang.all/88/66/asset-3668866.jpg",
    "content": "33cl",
    "price": {
      "basicPrice": 1.54,
      "recommendedQuantity": "6.0",
      "measurementUnitPrice": 4.67,
      "measurementUnit": "L",
      "isRedPrice": false,
      "pricePerUOM": 4.67,
      "activationDate": "08-05-2025",
      "recordSource": "Offline",
      "isPromoActive": "N",
      "priceChangeCode": "H",
      "priceReason": "Reaction"
    },
    "isPriceAvailable": true,
    "channelAvailability": [
      "8_BE_STORE",
      "8_LU_STORE",
      "8_BE_COLLECT_NEXT_DAY",
      "8_BE_HOME_DELIVERY",
      "8_BE_HOME_DELIVERY_DRIVER"
    ],
    "businessDomain": "RETAIL_BE",
    "walkRouteSequenceNumber": 3885,
    "isAvailable": true,
    "inPromo": false,
    "topCategoryName": "Boissons",
    "topCategoryId": "354",
    "categories": [
      {
        "name": "Boissons",
        "id": "354",
        "children": [
          {
            "name": "Bi\u00e8res",
            "id": "389",
            "children": [
              {
                "name": "Bi\u00e8re d'Abbaye, Trappiste blonde & amb",
                "id": "391"
              }
            ]
          }
        ]
      }
    ],
    "IsPrivateLabel": false,
    "amount": 0.33,
    "IsBiffe": false,
    "WeightconversionFactor": "0",
    "IsWeightArticle": false,
    "IsBio": false,
    "CountryOfOrigin": "BELGIQUE",
    "IsExclusivelySoldInLuxembourg": false,
    "OrderUnit": "P",
    "ShortName": "LEFF BLOND CAN 33CL",
    "AlcoholDisclaimermsg": true,
    "InSeason": true,
    "IsNew": false,
    "amountUnit": "kg",
    "CountryOfOriginISO": "BE",
    "ShowAlcoholLegalMsg": true,
    "LongName": "LEFFE Blonde 6,6% canette 33cl",
    "RecentQuanityOfStockUnits": "6,1,24",
    "AlcoholVolume": "6.6",
    "StartSeasonDate": "04/03/2025",
    "FicCode": "E"
  },
  {
    "technicalArticleNumber": "4030288",
    "commercialArticleNumber": "5546",
    "gtin": [
      "03080216055909",
      "07612900341287",
      "07612900341300",
      "07612900341294",
      "03080216055893",
      "03080216055916"
    ],
    "productId": "446318",
    "name": "0,0% pils canette",
    "description": "*Bi\u00e8re sans alcool\n*0,0 % vol",
    "brand": "CARLSBERG",
    "seoBrand": "Carlsberg",
    "thumbNail": "https://static.colruytgroup.com/images/200x200/std.lang.all/12/48/asset-2731248.jpg",
    "fullImage": "https://static.colruytgroup.com/images/500x500/std.lang.all/12/48/asset-2731248.jpg",
    "squareImage": "https://static.colruytgroup.com/images/500x500sq/std.lang.all/12/48/asset-2731248.jpg",
    "content": "33cl",
    "price": {
      "basicPrice": 1.64,
      "recommendedQuantity": "6.0",
      "quantityPrice": 1.57,
      "quantityPriceQuantity": "24.0",
      "measurementUnitPrice": 4.97,
      "measurementUnitQuantityPrice": 4.76,
      "measurementUnit": "L",
      "isRedPrice": false,
      "pricePerUOM": 4.97,
      "activationDate": "08-05-2025",
      "recordSource": "Offline",
      "isPromoActive": "N",
      "priceChangeCode": "E",
      "quantityPricePerUOM": 4.76,
      "quantityActivationDate": "08-05-2025",
      "quantityPriceChangeCode": "E",
      "priceReason": "Reaction"
    },
    "isPriceAvailable": true,
    "channelAvailability": [
      "8_BE_STORE",
      "8_LU_STORE",
      "8_BE_COLLECT_NEXT_DAY",
      "8_BE_HOME_DELIVERY",
      "8_BE_HOME_DELIVERY_DRIVER"
    ],
    "businessDomain": "RETAIL_BE",
    "walkRouteSequenceNumber": 4146,
    "isAvailable": true,
    "inPromo": false,
    "topCategoryName": "Boissons",
    "topCategoryId": "354",
    "categories": [
      {
        "name": "Boissons",
        "id": "354",
        "children": [
          {
            "name": "Bi\u00e8res",
            "id": "389",
            "children": [
              {
                "name": "Bi\u00e8res sans alcool",
                "id": "398"
              }
            ]
          }
        ]
      }
    ],
    "IsPrivateLabel": false,
    "amount": 0.33,
    "IsBiffe": false,
    "foodPairing": [
      "Barbecue",
      "Ap\u00e9ritif",
      "Veggie",
      "Crustac\u00e9s",
      "P\u00e2tes & pizza",
      "Poisson",
      "Fromages doux",
      "Salade"
    ],
    "IsWeightArticle": false,
    "WeightconversionFactor": "0",
    "nutriscoreLabel": "B",
    "IsBio": false,
    "CountryOfOrigin": "FRANCE",
    "IsExclusivelySoldInLuxembourg": false,
    "OrderUnit": "P",
    "AlcoholDisclaimermsg": false,
    "ShortName": "CARL 0.0% CAN 33CL",
    "IsNew": false,
    "amountUnit": "kg",
    "CountryOfOriginISO": "FR",
    "EcoscoreLabel": "C",
    "ShowAlcoholLegalMsg": false,
    "LongName": "CARLSBERG 0,0% pils canette 33cl",
    "RecentQuanityOfStockUnits": "6,24,1",
    "AlcoholVolume": "0",
    "FicCode": "E",
    "EcoscoreValue": "53"
  },
  {
    "technicalArticleNumber": "4890637",
    "commercialArticleNumber": "2212",
    "gtin": [
      "05410228327257",
      "05410228324881",
      "05410228326816"
    ],
    "productId": "1266708",
    "name": "Cero 0,0%",
    "description": "*Pils\n*Sans alcool",
    "brand": "CORONA",
    "seoBrand": "Corona",
    "thumbNail": "https://static.colruytgroup.com/images/200x200/std.lang.all/26/47/asset-3832647.jpg",
    "fullImage": "https://static.colruytgroup.com/images/500x500/std.lang.all/26/47/asset-3832647.jpg",
    "squareImage": "https://static.colruytgroup.com/images/500x500sq/std.lang.all/26/47/asset-3832647.jpg",
    "content": "33cl",
    "price": {
      "basicPrice": 1.64,
      "recommendedQuantity": "4.0",
      "measurementUnitPrice": 4.97,
      "measurementUnit": "L",
      "isRedPrice": false,
      "pricePerUOM": 4.97,
      "activationDate": "04-06-2025",
      "isPromoActive": "Y",
      "priceChangeCode": "E",
      "priceReason": "Promo"
    },
    "isPriceAvailable": true,
    "channelAvailability": [
      "8_BE_STORE",
      "8_LU_STORE",
      "8_BE_COLLECT_NEXT_DAY",
      "8_BE_HOME_DELIVERY",
      "8_BE_HOME_DELIVERY_DRIVER"
    ],
    "businessDomain": "RETAIL_BE",
    "walkRouteSequenceNumber": 4155,
    "isAvailable": true,
    "inPromo": true,
    "promotion": [
      {
        "techPromoId": "101258COLR",
        "promotionId": "101258",
        "promotionType": "3",
        "isPersonalized": "N",
        "publicationStartDate": "04-06-2025",
        "publicationEndDate": "17-06-2025",
        "topPromo": false
      }
    ],
    "topCategoryName": "Boissons",
    "topCategoryId": "354",
    "categories": [
      {
        "name": "Boissons",
        "id": "354",
        "children": [
          {
            "name": "Bi\u00e8res",
            "id": "389",
            "children": [
              {
                "name": "Bi\u00e8res sans alcool",
                "id": "398"
              }
            ]
          }
        ]
      }
    ],
    "IsPrivateLabel": false,
    "amount": 0.33,
    "IsBiffe": false,
    "WeightconversionFactor": "0",
    "IsWeightArticle": false,
    "nutriscoreLabel": "B",
    "IsBio": false,
    "CountryOfOrigin": "BELGIQUE",
    "IsExclusivelySoldInLuxembourg": false,
    "OrderUnit": "P",
    "ShortName": "CORO CERO 0% 33CL",
    "AlcoholDisclaimermsg": false,
    "IsNew": false,
    "amountUnit": "kg",
    "CountryOfOriginISO": "BE",
    "ShowAlcoholLegalMsg": false,
    "LongName": "CORONA Cero 0,0% 33cl",
    "RecentQuanityOfStockUnits": "4,1,24",
    "AlcoholVolume": "0",
    "FicCode": "E"
  },
  {
    "technicalArticleNumber": "3639774",
    "commercialArticleNumber": "10110",
    "gtin": [
      "05410228287919",
      "05410228287605",
      "05410228218678",
      "05410228218685",
      "05410228218746"
    ],
    "productId": "273601",
    "name": "Ros\u00e9e framboise 3% can",
    "description": "*Bi\u00e8re fruit\u00e9e\n*3 % vol\n*Go\u00fbt: framboise",
    "brand": "HOEGAARDEN",
    "seoBrand": "Hoegaarden",
    "thumbNail": "https://static.colruytgroup.com/images/200x200/std.lang.all/26/99/asset-2452699.jpg",
    "fullImage": "https://static.colruytgroup.com/images/500x500/std.lang.all/26/99/asset-2452699.jpg",
    "squareImage": "https://static.colruytgroup.com/images/500x500sq/std.lang.all/26/99/asset-2452699.jpg",
    "content": "33cl",
    "price": {
      "basicPrice": 1.65,
      "recommendedQuantity": "6.0",
      "measurementUnitPrice": {
        "source": "5.0",
        "parsedValue": 5
      },
      "measurementUnit": "L",
      "isRedPrice": false,
      "pricePerUOM": {
        "source": "5.0",
        "parsedValue": 5
      },
      "activationDate": "22-05-2025",
      "recordSource": "Offline",
      "isPromoActive": "N",
      "priceChangeCode": "E",
      "priceReason": "Reaction"
    },
    "isPriceAvailable": true,
    "channelAvailability": [
      "8_BE_STORE",
      "8_LU_STORE",
      "8_BE_COLLECT_NEXT_DAY",
      "8_BE_HOME_DELIVERY",
      "8_BE_HOME_DELIVERY_DRIVER"
    ],
    "businessDomain": "RETAIL_BE",
    "walkRouteSequenceNumber": 4036,
    "isAvailable": true,
    "inPromo": true,
    "promotion": [
      {
        "techPromoId": "101340COLR",
        "promotionId": "101340",
        "promotionType": "3",
        "isPersonalized": "N",
        "publicationStartDate": "04-06-2025",
        "publicationEndDate": "17-06-2025",
        "topPromo": false
      }
    ],
    "topCategoryName": "Boissons",
    "topCategoryId": "354",
    "categories": [
      {
        "name": "Boissons",
        "id": "354",
        "children": [
          {
            "name": "Bi\u00e8res",
            "id": "389",
            "children": [
              {
                "name": "Bi\u00e8re blanche, bi\u00e8re aux fruits et bi",
                "id": "395"
              }
            ]
          }
        ]
      }
    ],
    "IsPrivateLabel": false,
    "amount": 0.33,
    "IsBiffe": false,
    "foodPairing": [
      "Volaille",
      "Salade",
      "Ap\u00e9ritif",
      "Gibier",
      "Desserts",
      "Poisson"
    ],
    "IsWeightArticle": false,
    "WeightconversionFactor": "0",
    "IsBio": false,
    "CountryOfOrigin": "BELGIQUE",
    "IsExclusivelySoldInLuxembourg": false,
    "OrderUnit": "P",
    "AlcoholDisclaimermsg": true,
    "InSeason": true,
    "ShortName": "HOEG ROSE 3% CAN 33CL",
    "IsNew": false,
    "amountUnit": "kg",
    "CountryOfOriginISO": "BE",
    "ShowAlcoholLegalMsg": true,
    "LongName": "HOEGAARDEN Ros\u00e9e framboise 3% can 33cl",
    "RecentQuanityOfStockUnits": "1,6",
    "AlcoholVolume": "3",
    "StartSeasonDate": "11/03/2025",
    "FicCode": "E"
  },
  {
    "technicalArticleNumber": "1934693",
    "commercialArticleNumber": "5259",
    "gtin": [
      "05410228222941",
      "05410228222286",
      "05410228222255",
      "05410228174073"
    ],
    "productId": "23701",
    "name": "bi\u00e8re abbaye blonde 6,6% can",
    "description": "*Bi\u00e8re d'abbaye\n*6,6 % vol",
    "brand": "LEFFE",
    "seoBrand": "Leffe",
    "thumbNail": "https://static.colruytgroup.com/images/200x200/std.lang.all/23/80/asset-2732380.jpg",
    "fullImage": "https://static.colruytgroup.com/images/500x500/std.lang.all/23/80/asset-2732380.jpg",
    "squareImage": "https://static.colruytgroup.com/images/500x500sq/std.lang.all/23/80/asset-2732380.jpg",
    "content": "50cl",
    "price": {
      "basicPrice": 1.74,
      "recommendedQuantity": "6.0",
      "measurementUnitPrice": 3.48,
      "measurementUnit": "L",
      "isRedPrice": false,
      "pricePerUOM": 3.48,
      "activationDate": "04-06-2025",
      "recordSource": "Offline",
      "isPromoActive": "N",
      "priceChangeCode": "E",
      "priceReason": "Reaction"
    },
    "isPriceAvailable": true,
    "channelAvailability": [
      "3_BE_STORE",
      "8_BE_STORE",
      "8_LU_STORE",
      "8_BE_COLLECT_NEXT_DAY",
      "8_BE_HOME_DELIVERY",
      "8_BE_HOME_DELIVERY_DRIVER"
    ],
    "businessDomain": "RETAIL_BE",
    "walkRouteSequenceNumber": 3890,
    "isAvailable": true,
    "inPromo": false,
    "topCategoryName": "Boissons",
    "topCategoryId": "354",
    "categories": [
      {
        "name": "Boissons",
        "id": "354",
        "children": [
          {
            "name": "Bi\u00e8res",
            "id": "389",
            "children": [
              {
                "name": "Bi\u00e8re d'Abbaye, Trappiste blonde & amb",
                "id": "391"
              }
            ]
          }
        ]
      }
    ],
    "IsPrivateLabel": false,
    "amount": 0.5,
    "IsBiffe": false,
    "foodPairing": [
      "Volaille",
      "Veggie",
      "Viande blanche",
      "Crustac\u00e9s",
      "Viande rouge",
      "Poisson",
      "Gibier",
      "Fromages forts",
      "Desserts"
    ],
    "IsWeightArticle": false,
    "WeightconversionFactor": "0",
    "IsBio": false,
    "CountryOfOrigin": "BELGIQUE",
    "IsExclusivelySoldInLuxembourg": false,
    "OrderUnit": "P",
    "AlcoholDisclaimermsg": true,
    "InSeason": true,
    "ShortName": "LEFFE BLONDE BOITE 50CL",
    "IsNew": false,
    "amountUnit": "kg",
    "CountryOfOriginISO": "BE",
    "ShowAlcoholLegalMsg": true,
    "LongName": "LEFFE bi\u00e8re abbaye blonde 6,6% can 50cl",
    "RecentQuanityOfStockUnits": "1,6,24",
    "AlcoholVolume": "6.6",
    "StartSeasonDate": "13/03/2009",
    "FicCode": "E"
  },
  {
    "technicalArticleNumber": "4773791",
    "commercialArticleNumber": "33034",
    "gtin": [
      "05410263929256",
      "05410263929195",
      "05410263929218",
      "05410263932270",
      "05410263932430"
    ],
    "productId": "962244",
    "name": "Original 5,9% can",
    "description": "*Pils de luxe\n*5,9 % vol\n*Bi\u00e8re aromatis\u00e9e,\nAguardiente",
    "brand": "DESPERADOS",
    "seoBrand": "Desperados",
    "thumbNail": "https://static.colruytgroup.com/images/200x200/std.lang.all/73/38/asset-3377338.jpg",
    "fullImage": "https://static.colruytgroup.com/images/500x500/std.lang.all/73/38/asset-3377338.jpg",
    "squareImage": "https://static.colruytgroup.com/images/500x500sq/std.lang.all/73/38/asset-3377338.jpg",
    "content": "50cl",
    "price": {
      "basicPrice": 1.74,
      "recommendedQuantity": "6.0",
      "measurementUnitPrice": 3.48,
      "measurementUnit": "L",
      "isRedPrice": false,
      "pricePerUOM": 3.48,
      "activationDate": "14-05-2025",
      "recordSource": "Offline",
      "isPromoActive": "N",
      "priceChangeCode": "E",
      "priceReason": "Reaction"
    },
    "isPriceAvailable": true,
    "channelAvailability": [
      "3_BE_STORE",
      "8_BE_STORE",
      "8_BE_COLLECT_NEXT_DAY",
      "8_BE_HOME_DELIVERY",
      "8_BE_HOME_DELIVERY_DRIVER"
    ],
    "businessDomain": "RETAIL_BE",
    "walkRouteSequenceNumber": 4072,
    "isAvailable": true,
    "inPromo": false,
    "topCategoryName": "Boissons",
    "topCategoryId": "354",
    "categories": [
      {
        "name": "Boissons",
        "id": "354",
        "children": [
          {
            "name": "Bi\u00e8res",
            "id": "389",
            "children": [
              {
                "name": "Bi\u00e8re blanche, bi\u00e8re aux fruits et bi",
                "id": "395"
              }
            ]
          }
        ]
      }
    ],
    "IsPrivateLabel": false,
    "amount": 0.5,
    "IsBiffe": false,
    "foodPairing": [
      "P\u00e2tes & pizza",
      "Barbecue",
      "Ap\u00e9ritif"
    ],
    "IsWeightArticle": false,
    "WeightconversionFactor": "0",
    "IsBio": false,
    "CountryOfOrigin": "PAYS-BAS",
    "IsExclusivelySoldInLuxembourg": false,
    "OrderUnit": "P",
    "AlcoholDisclaimermsg": true,
    "ShortName": "DESP ORIGINAL BLIK 50CL",
    "IsNew": false,
    "amountUnit": "kg",
    "CountryOfOriginISO": "NL",
    "EcoscoreLabel": "D",
    "ShowAlcoholLegalMsg": true,
    "LongName": "DESPERADOS Original 5,9% can 50cl",
    "RecentQuanityOfStockUnits": "1,6,24,4",
    "AlcoholVolume": "5.9",
    "FicCode": "E",
    "EcoscoreValue": "37"
  },
  {
    "technicalArticleNumber": "4867279",
    "commercialArticleNumber": "5857",
    "gtin": [
      "05410228262534",
      "05410228262541",
      "05410228262527"
    ],
    "productId": "1249940",
    "name": "0.0% pils Cold Grip canette",
    "description": "*Pils\n*Sans alcool",
    "brand": "JUPILER",
    "seoBrand": "Jupiler",
    "thumbNail": "https://static.colruytgroup.com/images/200x200/std.lang.all/69/68/asset-3716968.jpg",
    "fullImage": "https://static.colruytgroup.com/images/500x500/std.lang.all/69/68/asset-3716968.jpg",
    "squareImage": "https://static.colruytgroup.com/images/500x500sq/std.lang.all/69/68/asset-3716968.jpg",
    "content": "50cl",
    "price": {
      "basicPrice": 1.74,
      "recommendedQuantity": "4.0",
      "measurementUnitPrice": 3.48,
      "measurementUnit": "L",
      "isRedPrice": false,
      "pricePerUOM": 3.48,
      "activationDate": "05-06-2025",
      "recordSource": "Offline",
      "isPromoActive": "N",
      "priceChangeCode": "E",
      "priceReason": "Reaction"
    },
    "isPriceAvailable": true,
    "channelAvailability": [
      "8_BE_STORE",
      "8_LU_STORE",
      "8_BE_COLLECT_NEXT_DAY",
      "8_BE_HOME_DELIVERY",
      "8_BE_HOME_DELIVERY_DRIVER"
    ],
    "businessDomain": "RETAIL_BE",
    "walkRouteSequenceNumber": 4144,
    "isAvailable": true,
    "inPromo": true,
    "promotion": [
      {
        "techPromoId": "101271COLR",
        "promotionId": "101271",
        "promotionType": "4",
        "isPersonalized": "N",
        "publicationStartDate": "04-06-2025",
        "publicationEndDate": "17-06-2025",
        "topPromo": false
      }
    ],
    "topCategoryName": "Boissons",
    "topCategoryId": "354",
    "categories": [
      {
        "name": "Boissons",
        "id": "354",
        "children": [
          {
            "name": "Bi\u00e8res",
            "id": "389",
            "children": [
              {
                "name": "Bi\u00e8res sans alcool",
                "id": "398"
              }
            ]
          }
        ]
      }
    ],
    "IsPrivateLabel": false,
    "amount": 0.5,
    "IsBiffe": false,
    "foodPairing": [
      "Veggie",
      "Salade",
      "P\u00e2tes & pizza",
      "Fromages doux",
      "Crustac\u00e9s",
      "Barbecue",
      "Ap\u00e9ritif"
    ],
    "IsWeightArticle": false,
    "WeightconversionFactor": "0",
    "nutriscoreLabel": "C",
    "IsBio": false,
    "CountryOfOrigin": "BELGIQUE",
    "IsExclusivelySoldInLuxembourg": false,
    "OrderUnit": "P",
    "AlcoholDisclaimermsg": false,
    "ShortName": "JUPI 0.0% CG CAN 50CL",
    "IsNew": false,
    "amountUnit": "kg",
    "CountryOfOriginISO": "BE",
    "ShowAlcoholLegalMsg": false,
    "LongName": "JUPILER 0.0% pils Cold Grip canette 50cl",
    "RecentQuanityOfStockUnits": "1,4,24",
    "AlcoholVolume": "0",
    "FicCode": "E"
  },
  {
    "technicalArticleNumber": "4773783",
    "commercialArticleNumber": "33033",
    "gtin": [
      "05410263929263",
      "05410263929225",
      "05410263929249"
    ],
    "productId": "962238",
    "name": "Original 5,9% can",
    "description": "*Latin spirit bi\u00e8re\n*Agave\n*L\u00e9g\u00e8rement \u00e9pic\u00e9e\n*Servir tr\u00e8s frais\n*5,9% VOL",
    "brand": "DESPERADOS",
    "seoBrand": "Desperados",
    "thumbNail": "https://static.colruytgroup.com/images/200x200/std.lang.all/52/39/asset-3375239.jpg",
    "fullImage": "https://static.colruytgroup.com/images/500x500/std.lang.all/52/39/asset-3375239.jpg",
    "squareImage": "https://static.colruytgroup.com/images/500x500sq/std.lang.all/52/39/asset-3375239.jpg",
    "content": "33cl",
    "price": {
      "basicPrice": 1.78,
      "recommendedQuantity": "4.0",
      "measurementUnitPrice": 5.4,
      "measurementUnit": "L",
      "isRedPrice": false,
      "pricePerUOM": 5.4,
      "activationDate": "04-06-2025",
      "recordSource": "Offline",
      "isPromoActive": "N",
      "priceChangeCode": "E",
      "priceReason": "Reaction"
    },
    "isPriceAvailable": true,
    "channelAvailability": [
      "3_BE_STORE",
      "8_BE_STORE",
      "8_BE_COLLECT_NEXT_DAY",
      "8_BE_HOME_DELIVERY",
      "8_BE_HOME_DELIVERY_DRIVER"
    ],
    "businessDomain": "RETAIL_BE",
    "walkRouteSequenceNumber": 4073,
    "isAvailable": true,
    "inPromo": false,
    "topCategoryName": "Boissons",
    "topCategoryId": "354",
    "categories": [
      {
        "name": "Boissons",
        "id": "354",
        "children": [
          {
            "name": "Bi\u00e8res",
            "id": "389",
            "children": [
              {
                "name": "Bi\u00e8re blanche, bi\u00e8re aux fruits et bi",
                "id": "395"
              }
            ]
          }
        ]
      }
    ],
    "IsPrivateLabel": false,
    "amount": 0.33,
    "IsBiffe": false,
    "foodPairing": [
      "Barbecue",
      "Ap\u00e9ritif",
      "P\u00e2tes & pizza"
    ],
    "IsWeightArticle": false,
    "WeightconversionFactor": "0",
    "IsBio": false,
    "CountryOfOrigin": "FRANCE",
    "IsExclusivelySoldInLuxembourg": false,
    "OrderUnit": "P",
    "AlcoholDisclaimermsg": true,
    "ShortName": "DESP ORIGINAL BLIK 33CL",
    "IsNew": false,
    "amountUnit": "kg",
    "CountryOfOriginISO": "FR",
    "EcoscoreLabel": "D",
    "ShowAlcoholLegalMsg": true,
    "LongName": "DESPERADOS Original 5,9% can 33cl",
    "RecentQuanityOfStockUnits": "4,1,24",
    "AlcoholVolume": "5.9",
    "FicCode": "E",
    "EcoscoreValue": "37"
  },
  {
    "technicalArticleNumber": "5307",
    "commercialArticleNumber": "5307",
    "gtin": [
      "05410218404647",
      "05415118012633",
      "00000054004269",
      "05410218404630"
    ],
    "productId": "388",
    "name": "Finest Gold 10,0%vol can",
    "description": "*Bi\u00e8re anglaise\n*10 % vol",
    "brand": "GORDON",
    "seoBrand": "Gordon Finest Gold",
    "thumbNail": "https://static.colruytgroup.com/images/200x200/std.lang.all/36/46/asset-1483646.jpg",
    "fullImage": "https://static.colruytgroup.com/images/500x500/std.lang.all/36/46/asset-1483646.jpg",
    "squareImage": "https://static.colruytgroup.com/images/500x500sq/std.lang.all/36/46/asset-1483646.jpg",
    "content": "33cl",
    "price": {
      "basicPrice": 1.83,
      "recommendedQuantity": "6.0",
      "measurementUnitPrice": 5.55,
      "measurementUnit": "L",
      "isRedPrice": false,
      "pricePerUOM": 5.55,
      "activationDate": "31-05-2025",
      "recordSource": "Offline",
      "isPromoActive": "N",
      "priceChangeCode": "E",
      "priceReason": "Reaction"
    },
    "isPriceAvailable": true,
    "channelAvailability": [
      "8_LU_STORE",
      "8_BE_STORE",
      "3_BE_STORE",
      "8_BE_COLLECT_NEXT_DAY",
      "8_BE_HOME_DELIVERY",
      "8_BE_HOME_DELIVERY_DRIVER"
    ],
    "businessDomain": "RETAIL_BE",
    "walkRouteSequenceNumber": 4043,
    "isAvailable": true,
    "inPromo": false,
    "topCategoryName": "Boissons",
    "topCategoryId": "354",
    "categories": [
      {
        "name": "Boissons",
        "id": "354",
        "children": [
          {
            "name": "Bi\u00e8res",
            "id": "389",
            "children": [
              {
                "name": "Blonde, blonde forte et triple b",
                "id": "394"
              }
            ]
          }
        ]
      }
    ],
    "IsPrivateLabel": false,
    "amount": 0.33,
    "IsBiffe": false,
    "foodPairing": [
      "Volaille",
      "Viande rouge",
      "Viande blanche",
      "Poisson",
      "Gibier",
      "Fromages forts",
      "Desserts",
      "Crustac\u00e9s"
    ],
    "IsWeightArticle": false,
    "WeightconversionFactor": "0",
    "IsBio": false,
    "CountryOfOrigin": "BELGIQUE",
    "IsExclusivelySoldInLuxembourg": false,
    "OrderUnit": "P",
    "AlcoholDisclaimermsg": true,
    "ShortName": "GORD FINESTGOLD BOIT 33",
    "IsNew": false,
    "amountUnit": "kg",
    "CountryOfOriginISO": "BE",
    "EcoscoreLabel": "D",
    "ShowAlcoholLegalMsg": true,
    "LongName": "GORDON Finest Gold 10,0%vol can 33cl",
    "RecentQuanityOfStockUnits": "6,1,24",
    "AlcoholVolume": "10",
    "FicCode": "E",
    "EcoscoreValue": "37"
  },
  {
    "technicalArticleNumber": "4582903",
    "commercialArticleNumber": "8051",
    "gtin": [
      "08714800026949",
      "08714800026932"
    ],
    "productId": "783879",
    "name": "Extreme 10,5% canette",
    "description": "*Bi\u00e8re blonde forte\n*10,5% vol",
    "brand": "8.6",
    "seoBrand": "8.6",
    "thumbNail": "https://static.colruytgroup.com/images/200x200/std.lang.all/83/89/asset-2818389.jpg",
    "fullImage": "https://static.colruytgroup.com/images/500x500/std.lang.all/83/89/asset-2818389.jpg",
    "squareImage": "https://static.colruytgroup.com/images/500x500sq/std.lang.all/83/89/asset-2818389.jpg",
    "content": "50cl",
    "price": {
      "basicPrice": 1.91,
      "recommendedQuantity": "1.0",
      "quantityPrice": 1.83,
      "quantityPriceQuantity": "12.0",
      "measurementUnitPrice": 3.82,
      "measurementUnitQuantityPrice": 3.66,
      "measurementUnit": "L",
      "isRedPrice": false,
      "pricePerUOM": 3.82,
      "activationDate": "03-06-2025",
      "recordSource": "Online",
      "isPromoActive": "N",
      "priceChangeCode": "E",
      "quantityPricePerUOM": 3.66,
      "quantityActivationDate": "03-06-2025",
      "quantityPriceChangeCode": "E",
      "priceReason": "Reaction"
    },
    "isPriceAvailable": true,
    "channelAvailability": [
      "8_BE_STORE",
      "8_LU_STORE",
      "8_BE_COLLECT_NEXT_DAY",
      "8_BE_HOME_DELIVERY",
      "8_BE_HOME_DELIVERY_DRIVER"
    ],
    "businessDomain": "RETAIL_BE",
    "walkRouteSequenceNumber": 4046,
    "isAvailable": true,
    "inPromo": false,
    "topCategoryName": "Boissons",
    "topCategoryId": "354",
    "categories": [
      {
        "name": "Boissons",
        "id": "354",
        "children": [
          {
            "name": "Bi\u00e8res",
            "id": "389",
            "children": [
              {
                "name": "Blonde, blonde forte et triple b",
                "id": "394"
              }
            ]
          }
        ]
      }
    ],
    "IsPrivateLabel": false,
    "amount": 0.5,
    "IsBiffe": false,
    "WeightconversionFactor": "0",
    "IsWeightArticle": false,
    "IsBio": false,
    "CountryOfOrigin": "PAYS-BAS",
    "IsExclusivelySoldInLuxembourg": false,
    "OrderUnit": "P",
    "ShortName": "8.6 EXTREME CAN 50CL",
    "AlcoholDisclaimermsg": true,
    "IsNew": false,
    "amountUnit": "kg",
    "CountryOfOriginISO": "NL",
    "EcoscoreLabel": "D",
    "ShowAlcoholLegalMsg": true,
    "LongName": "8.6 Extreme 10,5% canette 50cl",
    "RecentQuanityOfStockUnits": "12,1",
    "AlcoholVolume": "10.5",
    "FicCode": "E",
    "EcoscoreValue": "37"
  },
  {
    "technicalArticleNumber": "4784931",
    "commercialArticleNumber": "33161",
    "gtin": [
      "05410228319863",
      "05410228319856",
      "05410228319832"
    ],
    "productId": "1009462",
    "name": "Blonde 8,0% can",
    "description": "*3 c\u00e9r\u00e9ales\n*Blonde\n*8,0 % vol",
    "brand": "TRIPEL KARMELIET",
    "seoBrand": "Tripel Karmeliet",
    "thumbNail": "https://static.colruytgroup.com/images/200x200/std.lang.all/30/85/asset-3593085.jpg",
    "fullImage": "https://static.colruytgroup.com/images/500x500/std.lang.all/30/85/asset-3593085.jpg",
    "squareImage": "https://static.colruytgroup.com/images/500x500sq/std.lang.all/30/85/asset-3593085.jpg",
    "content": "33cl",
    "price": {
      "basicPrice": 1.95,
      "recommendedQuantity": "4.0",
      "measurementUnitPrice": 5.91,
      "measurementUnit": "L",
      "isRedPrice": false,
      "pricePerUOM": 5.91,
      "activationDate": "05-06-2025",
      "recordSource": "Offline",
      "isPromoActive": "N",
      "priceChangeCode": "E",
      "priceReason": "Reaction"
    },
    "isPriceAvailable": true,
    "channelAvailability": [
      "3_BE_STORE",
      "8_BE_STORE",
      "8_BE_COLLECT_NEXT_DAY",
      "8_BE_HOME_DELIVERY",
      "8_BE_HOME_DELIVERY_DRIVER"
    ],
    "businessDomain": "RETAIL_BE",
    "walkRouteSequenceNumber": 4044,
    "isAvailable": true,
    "inPromo": false,
    "topCategoryName": "Boissons",
    "topCategoryId": "354",
    "categories": [
      {
        "name": "Boissons",
        "id": "354",
        "children": [
          {
            "name": "Bi\u00e8res",
            "id": "389",
            "children": [
              {
                "name": "Blonde, blonde forte et triple b",
                "id": "394"
              }
            ]
          }
        ]
      }
    ],
    "IsPrivateLabel": false,
    "amount": 0.33,
    "IsBiffe": false,
    "foodPairing": [
      "Fromages forts",
      "Fromages doux",
      "Barbecue",
      "Ap\u00e9ritif",
      "Volaille",
      "Gibier",
      "Viande blanche",
      "Viande rouge"
    ],
    "IsWeightArticle": false,
    "WeightconversionFactor": "0",
    "IsBio": false,
    "CountryOfOrigin": "BELGIQUE",
    "IsExclusivelySoldInLuxembourg": false,
    "OrderUnit": "P",
    "AlcoholDisclaimermsg": true,
    "InSeason": true,
    "ShortName": "TRIP KARM 8% CAN 33CL",
    "IsNew": false,
    "amountUnit": "kg",
    "CountryOfOriginISO": "BE",
    "ShowAlcoholLegalMsg": true,
    "LongName": "TRIPEL KARMELIET Blonde 8,0% can 33cl",
    "RecentQuanityOfStockUnits": "24,4,1",
    "AlcoholVolume": "8",
    "StartSeasonDate": "17/02/2025",
    "FicCode": "E"
  },
  {
    "technicalArticleNumber": "4670137",
    "commercialArticleNumber": "2652",
    "gtin": [
      "03080216054551",
      "03080216054568",
      "03080216054544"
    ],
    "productId": "830541",
    "name": "pils 5% canette",
    "description": "*Pils\n*5% vol",
    "brand": "CARLSBERG",
    "seoBrand": "Carlsberg",
    "thumbNail": "https://static.colruytgroup.com/images/200x200/std.lang.all/09/94/asset-2940994.jpg",
    "fullImage": "https://static.colruytgroup.com/images/500x500/std.lang.all/09/94/asset-2940994.jpg",
    "squareImage": "https://static.colruytgroup.com/images/500x500sq/std.lang.all/09/94/asset-2940994.jpg",
    "content": "50cl",
    "price": {
      "basicPrice": 1.98,
      "recommendedQuantity": "4.0",
      "measurementUnitPrice": 3.96,
      "measurementUnit": "L",
      "isRedPrice": false,
      "pricePerUOM": 3.96,
      "activationDate": "08-05-2025",
      "recordSource": "Offline",
      "isPromoActive": "N",
      "priceChangeCode": "E",
      "priceReason": "Reaction"
    },
    "isPriceAvailable": true,
    "channelAvailability": [
      "8_BE_STORE",
      "8_LU_STORE",
      "8_BE_COLLECT_NEXT_DAY",
      "8_BE_HOME_DELIVERY_DRIVER"
    ],
    "businessDomain": "RETAIL_BE",
    "walkRouteSequenceNumber": 4098,
    "isAvailable": true,
    "inPromo": false,
    "topCategoryName": "Boissons",
    "topCategoryId": "354",
    "categories": [
      {
        "name": "Boissons",
        "id": "354",
        "children": [
          {
            "name": "Bi\u00e8res",
            "id": "389",
            "children": [
              {
                "name": "Pils",
                "id": "1551",
                "children": [
                  {
                    "name": "Pils en canettes",
                    "id": "1553"
                  }
                ]
              }
            ]
          }
        ]
      }
    ],
    "IsPrivateLabel": false,
    "amount": 0.5,
    "IsBiffe": false,
    "foodPairing": [
      "Volaille",
      "Poisson",
      "Fromages doux",
      "Crustac\u00e9s",
      "Ap\u00e9ritif",
      "Salade",
      "Veggie",
      "P\u00e2tes & pizza"
    ],
    "IsWeightArticle": false,
    "WeightconversionFactor": "0",
    "IsBio": false,
    "CountryOfOrigin": "FRANCE",
    "IsExclusivelySoldInLuxembourg": false,
    "OrderUnit": "P",
    "AlcoholDisclaimermsg": true,
    "ShortName": "CARL PILS 5% BLIK 50CL",
    "IsNew": false,
    "amountUnit": "kg",
    "CountryOfOriginISO": "FR",
    "EcoscoreLabel": "C",
    "ShowAlcoholLegalMsg": true,
    "LongName": "CARLSBERG pils 5% canette 50cl",
    "RecentQuanityOfStockUnits": "1,4,24",
    "AlcoholVolume": "5",
    "FicCode": "E",
    "EcoscoreValue": "53"
  },
  {
    "technicalArticleNumber": "4895339",
    "commercialArticleNumber": "15090",
    "gtin": [
      "05411681411095",
      "05411681411071",
      "05411681411088"
    ],
    "productId": "1270271",
    "name": "Blonde 6,66% canette",
    "brand": "DUVEL",
    "seoBrand": "Duvel",
    "thumbNail": "https://static.colruytgroup.com/images/200x200/std.lang.all/26/49/asset-3832649.jpg",
    "fullImage": "https://static.colruytgroup.com/images/500x500/std.lang.all/26/49/asset-3832649.jpg",
    "squareImage": "https://static.colruytgroup.com/images/500x500sq/std.lang.all/26/49/asset-3832649.jpg",
    "content": "33cl",
    "price": {
      "basicPrice": 1.98,
      "recommendedQuantity": "4.0",
      "measurementUnitPrice": {
        "source": "6.0",
        "parsedValue": 6
      },
      "measurementUnit": "L",
      "isRedPrice": false,
      "pricePerUOM": {
        "source": "6.0",
        "parsedValue": 6
      },
      "activationDate": "04-06-2025",
      "recordSource": "Offline",
      "isPromoActive": "N",
      "priceChangeCode": "E",
      "priceReason": "Reaction"
    },
    "isPriceAvailable": true,
    "channelAvailability": [
      "3_BE_STORE",
      "8_BE_STORE",
      "8_BE_COLLECT_NEXT_DAY",
      "8_BE_HOME_DELIVERY",
      "8_BE_HOME_DELIVERY_DRIVER"
    ],
    "businessDomain": "RETAIL_BE",
    "walkRouteSequenceNumber": 1489,
    "isAvailable": true,
    "inPromo": false,
    "topCategoryName": "Boissons",
    "topCategoryId": "354",
    "categories": [
      {
        "name": "Boissons",
        "id": "354",
        "children": [
          {
            "name": "Bi\u00e8res",
            "id": "389",
            "children": [
              {
                "name": "Blonde, blonde forte et triple b",
                "id": "394"
              }
            ]
          }
        ]
      }
    ],
    "IsPrivateLabel": false,
    "amount": 0.33,
    "IsBiffe": false,
    "foodPairing": [
      "Fromages doux",
      "Crustac\u00e9s",
      "Barbecue",
      "Ap\u00e9ritif",
      "Volaille",
      "Veggie",
      "Salade",
      "P\u00e2tes & pizza",
      "Poisson"
    ],
    "IsWeightArticle": false,
    "WeightconversionFactor": "0",
    "IsBio": false,
    "CountryOfOrigin": "BELGIQUE",
    "IsExclusivelySoldInLuxembourg": false,
    "OrderUnit": "P",
    "AlcoholDisclaimermsg": true,
    "ShortName": "DUVE 6.66% CAN 33CL",
    "IsNew": false,
    "amountUnit": "kg",
    "CountryOfOriginISO": "BE",
    "EcoscoreLabel": "D",
    "ShowAlcoholLegalMsg": true,
    "LongName": "DUVEL Blonde 6,66% canette 33cl",
    "RecentQuanityOfStockUnits": "24,4,1",
    "AlcoholVolume": "6.6",
    "FicCode": "E",
    "EcoscoreValue": "37"
  },
  {
    "technicalArticleNumber": "4582925",
    "commercialArticleNumber": "8496",
    "gtin": [
      "08714800024693",
      "08714800004114"
    ],
    "productId": "783901",
    "name": "Original 8,6% canette",
    "description": "*Bi\u00e8re blonde forte\n*8,6% vol",
    "brand": "8.6",
    "seoBrand": "8.6",
    "thumbNail": "https://static.colruytgroup.com/images/200x200/std.lang.all/54/27/asset-2795427.jpg",
    "fullImage": "https://static.colruytgroup.com/images/500x500/std.lang.all/54/27/asset-2795427.jpg",
    "squareImage": "https://static.colruytgroup.com/images/500x500sq/std.lang.all/54/27/asset-2795427.jpg",
    "content": "50cl",
    "price": {
      "basicPrice": 1.99,
      "recommendedQuantity": "1.0",
      "quantityPrice": 1.83,
      "quantityPriceQuantity": "12.0",
      "measurementUnitPrice": 3.98,
      "measurementUnitQuantityPrice": 3.66,
      "measurementUnit": "L",
      "isRedPrice": false,
      "pricePerUOM": 3.98,
      "activationDate": "24-04-2025",
      "recordSource": "Offline",
      "isPromoActive": "N",
      "priceChangeCode": "H",
      "quantityPricePerUOM": 3.66,
      "quantityActivationDate": "24-04-2025",
      "quantityPriceChangeCode": "L",
      "priceReason": "Reaction"
    },
    "isPriceAvailable": true,
    "channelAvailability": [
      "8_BE_STORE",
      "8_LU_STORE",
      "8_BE_COLLECT_NEXT_DAY",
      "8_BE_HOME_DELIVERY_DRIVER"
    ],
    "businessDomain": "RETAIL_BE",
    "walkRouteSequenceNumber": 4045,
    "isAvailable": true,
    "inPromo": false,
    "topCategoryName": "Boissons",
    "topCategoryId": "354",
    "categories": [
      {
        "name": "Boissons",
        "id": "354",
        "children": [
          {
            "name": "Bi\u00e8res",
            "id": "389",
            "children": [
              {
                "name": "Blonde, blonde forte et triple b",
                "id": "394"
              }
            ]
          }
        ]
      }
    ],
    "IsPrivateLabel": false,
    "amount": 0.5,
    "IsBiffe": false,
    "WeightconversionFactor": "0",
    "IsWeightArticle": false,
    "IsBio": false,
    "CountryOfOrigin": "PAYS-BAS",
    "IsExclusivelySoldInLuxembourg": false,
    "OrderUnit": "P",
    "ShortName": "8.6 ORIGINAL CAN 50CL",
    "AlcoholDisclaimermsg": true,
    "IsNew": false,
    "amountUnit": "kg",
    "CountryOfOriginISO": "NL",
    "EcoscoreLabel": "D",
    "ShowAlcoholLegalMsg": true,
    "LongName": "8.6 Original 8,6% canette 50cl",
    "RecentQuanityOfStockUnits": "1,12",
    "AlcoholVolume": "8.6",
    "FicCode": "E",
    "EcoscoreValue": "37"
  },
  {
    "technicalArticleNumber": "4888679",
    "commercialArticleNumber": "39447",
    "productId": "1265354",
    "name": "Bi\u00e8re sans alcool 0,4% can",
    "description": "*Bi\u00e8re sans alcool\n*0,4% vol",
    "brand": "SPORTZOT",
    "seoBrand": "Sportzot",
    "thumbNail": "https://static.colruytgroup.com/images/200x200/std.lang.all/92/41/asset-3789241.jpg",
    "fullImage": "https://static.colruytgroup.com/images/500x500/std.lang.all/92/41/asset-3789241.jpg",
    "squareImage": "https://static.colruytgroup.com/images/500x500sq/std.lang.all/92/41/asset-3789241.jpg",
    "content": "33cl",
    "price": {
      "basicPrice": 1.99,
      "recommendedQuantity": "1.0",
      "quantityPrice": 1.91,
      "quantityPriceQuantity": "12.0",
      "measurementUnitPrice": 6.04,
      "measurementUnitQuantityPrice": 5.79,
      "measurementUnit": "L",
      "isRedPrice": false,
      "pricePerUOM": 6.04,
      "activationDate": "05-06-2025",
      "isPromoActive": "N",
      "priceChangeCode": "E",
      "quantityPricePerUOM": 5.79,
      "quantityActivationDate": "05-06-2025",
      "quantityPriceChangeCode": "E",
      "priceReason": "Reaction"
    },
    "isPriceAvailable": true,
    "channelAvailability": [
      "8_BE_STORE",
      "8_BE_COLLECT_NEXT_DAY",
      "8_BE_HOME_DELIVERY_DRIVER"
    ],
    "businessDomain": "RETAIL_BE",
    "walkRouteSequenceNumber": 4153,
    "isAvailable": true,
    "inPromo": false,
    "topCategoryName": "Boissons",
    "topCategoryId": "354",
    "categories": [
      {
        "name": "Boissons",
        "id": "354",
        "children": [
          {
            "name": "Bi\u00e8res",
            "id": "389",
            "children": [
              {
                "name": "Bi\u00e8res sans alcool",
                "id": "398"
              }
            ]
          }
        ]
      }
    ],
    "IsPrivateLabel": false,
    "amount": 0.33,
    "IsBiffe": false,
    "foodPairing": [
      "Crustac\u00e9s",
      "Barbecue",
      "Fromages doux",
      "Volaille",
      "Viande blanche",
      "Veggie",
      "Salade",
      "P\u00e2tes & pizza",
      "Poisson",
      "Ap\u00e9ritif"
    ],
    "IsWeightArticle": false,
    "WeightconversionFactor": "0",
    "nutriscoreLabel": "C",
    "IsBio": false,
    "CountryOfOrigin": "BELGIQUE",
    "IsExclusivelySoldInLuxembourg": false,
    "OrderUnit": "P",
    "AlcoholDisclaimermsg": false,
    "ShortName": "BBQ SPOR 0.4% CAN 33CL",
    "IsNew": false,
    "amountUnit": "kg",
    "CountryOfOriginISO": "BE",
    "EcoscoreLabel": "D",
    "ShowAlcoholLegalMsg": false,
    "LongName": "SPORTZOT Bi\u00e8re sans alcool 0,4% can 33cl",
    "RecentQuanityOfStockUnits": "1,12",
    "AlcoholVolume": "0.4",
    "FicCode": "E",
    "EcoscoreValue": "37"
  },
  {
    "technicalArticleNumber": "4898150",
    "commercialArticleNumber": "8413",
    "gtin": [
      "05413982600161",
      "05413982600154",
      "05413982600178"
    ],
    "productId": "1272517",
    "name": "Tripel Blond 6,8%",
    "brand": "SINT HUBERTUS",
    "seoBrand": "Sint Hubertus",
    "thumbNail": "https://static.colruytgroup.com/images/200x200/std.lang.all/27/45/asset-3822745.jpg",
    "fullImage": "https://static.colruytgroup.com/images/500x500/std.lang.all/27/45/asset-3822745.jpg",
    "squareImage": "https://static.colruytgroup.com/images/500x500sq/std.lang.all/27/45/asset-3822745.jpg",
    "content": "33cl",
    "price": {
      "basicPrice": 2.04,
      "recommendedQuantity": "1.0",
      "measurementUnitPrice": 6.19,
      "measurementUnit": "L",
      "isRedPrice": false,
      "pricePerUOM": 6.19,
      "activationDate": "04-06-2025",
      "isPromoActive": "N",
      "priceChangeCode": "E",
      "priceReason": "FALLBACK"
    },
    "isPriceAvailable": true,
    "channelAvailability": [
      "8_BE_STORE",
      "8_BE_COLLECT_NEXT_DAY",
      "8_BE_HOME_DELIVERY",
      "8_BE_HOME_DELIVERY_DRIVER"
    ],
    "businessDomain": "RETAIL_BE",
    "walkRouteSequenceNumber": 1487,
    "isAvailable": true,
    "inPromo": false,
    "topCategoryName": "Boissons",
    "topCategoryId": "354",
    "categories": [
      {
        "name": "Boissons",
        "id": "354",
        "children": [
          {
            "name": "Bi\u00e8res",
            "id": "389",
            "children": [
              {
                "name": "Blonde, blonde forte et triple b",
                "id": "394"
              }
            ]
          }
        ]
      }
    ],
    "IsPrivateLabel": false,
    "amount": 0.33,
    "IsBiffe": false,
    "foodPairing": [
      "Ap\u00e9ritif",
      "Viande rouge",
      "Viande blanche",
      "P\u00e2tes & pizza",
      "Gibier",
      "Fromages doux",
      "Barbecue"
    ],
    "IsWeightArticle": false,
    "WeightconversionFactor": "0",
    "IsBio": false,
    "CountryOfOrigin": "BELGIQUE",
    "IsExclusivelySoldInLuxembourg": false,
    "OrderUnit": "P",
    "AlcoholDisclaimermsg": true,
    "ShortName": "SIHU TRIPEL.BL CAN 33C",
    "IsNew": true,
    "amountUnit": "kg",
    "CountryOfOriginISO": "BE",
    "servings": {
      "source": "1.0",
      "parsedValue": 1
    },
    "EcoscoreLabel": "D",
    "ShowAlcoholLegalMsg": true,
    "LongName": "SINT HUBERTUS Tripel Blond 6,8% 33cl",
    "RecentQuanityOfStockUnits": "1,4",
    "AlcoholVolume": "6.8",
    "FicCode": "E",
    "EcoscoreValue": "37"
  },
  {
    "technicalArticleNumber": "4801830",
    "commercialArticleNumber": "36051",
    "gtin": [
      "05430000829182",
      "05430000829359",
      "05430000829144",
      "05430000829137"
    ],
    "productId": "1054253",
    "name": "Pico Bello 0,3% can",
    "description": "*Bi\u00e8re sans alcool\n*Hazy IPA Z\u00e9ro\n*0,3% vol",
    "brand": "BRUSSELS BP",
    "seoBrand": "Brussels Beer Project",
    "thumbNail": "https://static.colruytgroup.com/images/200x200/std.lang.all/92/89/asset-3449289.jpg",
    "fullImage": "https://static.colruytgroup.com/images/500x500/std.lang.all/92/89/asset-3449289.jpg",
    "squareImage": "https://static.colruytgroup.com/images/500x500sq/std.lang.all/92/89/asset-3449289.jpg",
    "content": "33cl",
    "price": {
      "basicPrice": 2.24,
      "recommendedQuantity": "1.0",
      "measurementUnitPrice": 6.79,
      "measurementUnit": "L",
      "isRedPrice": false,
      "pricePerUOM": 6.79,
      "activationDate": "07-05-2025",
      "recordSource": "Offline",
      "isPromoActive": "N",
      "priceChangeCode": "E",
      "priceReason": "Reaction"
    },
    "isPriceAvailable": true,
    "channelAvailability": [
      "3_BE_STORE",
      "8_BE_STORE",
      "8_BE_COLLECT_NEXT_DAY",
      "8_BE_HOME_DELIVERY_DRIVER"
    ],
    "businessDomain": "RETAIL_BE",
    "walkRouteSequenceNumber": 4140,
    "isAvailable": true,
    "inPromo": false,
    "topCategoryName": "Boissons",
    "topCategoryId": "354",
    "categories": [
      {
        "name": "Boissons",
        "id": "354",
        "children": [
          {
            "name": "Bi\u00e8res",
            "id": "389",
            "children": [
              {
                "name": "Bi\u00e8res sans alcool",
                "id": "398"
              }
            ]
          }
        ]
      }
    ],
    "IsPrivateLabel": false,
    "amount": 0.33,
    "IsBiffe": false,
    "foodPairing": [
      "Volaille",
      "Barbecue",
      "Crustac\u00e9s",
      "Desserts",
      "Fromages doux",
      "Fromages forts",
      "Gibier",
      "Poisson",
      "P\u00e2tes & pizza",
      "Salade",
      "Veggie",
      "Viande blanche",
      "Viande rouge",
      "Ap\u00e9ritif"
    ],
    "IsWeightArticle": false,
    "WeightconversionFactor": "0",
    "IsBio": false,
    "CountryOfOrigin": "BELGIQUE",
    "IsExclusivelySoldInLuxembourg": false,
    "OrderUnit": "P",
    "AlcoholDisclaimermsg": false,
    "ShortName": "BBPR PICO BELLO 0.3%33C",
    "IsNew": false,
    "amountUnit": "kg",
    "CountryOfOriginISO": "BE",
    "EcoscoreLabel": "C",
    "ShowAlcoholLegalMsg": false,
    "LongName": "BRUSSELS BP Pico Bello 0,3% can 33cl",
    "RecentQuanityOfStockUnits": "1,4",
    "AlcoholVolume": "0.3",
    "FicCode": "E",
    "EcoscoreValue": "49"
  },
  {
    "technicalArticleNumber": "4240418",
    "commercialArticleNumber": "19401",
    "gtin": [
      "05410263921984",
      "05410263919714",
      "05410263921977"
    ],
    "productId": "585065",
    "name": "blonde 6,7% canette",
    "description": "*Bi\u00e8re blonde\n*Haute fermentation\n*Bi\u00e8re belge\n*IBU 22, fruit\u00e9e\n*6,7% VOL",
    "brand": "GRIMBERGEN",
    "seoBrand": "Grimbergen",
    "thumbNail": "https://static.colruytgroup.com/images/200x200/fra/37/67/asset-3803767.jpg",
    "fullImage": "https://static.colruytgroup.com/images/500x500/fra/37/67/asset-3803767.jpg",
    "squareImage": "https://static.colruytgroup.com/images/500x500sq/fra/37/67/asset-3803767.jpg",
    "content": "50cl",
    "price": {
      "basicPrice": 2.34,
      "recommendedQuantity": "4.0",
      "measurementUnitPrice": 4.68,
      "measurementUnit": "L",
      "isRedPrice": false,
      "pricePerUOM": 4.68,
      "activationDate": "17-05-2025",
      "recordSource": "Offline",
      "isPromoActive": "N",
      "priceChangeCode": "H",
      "priceReason": "Reaction"
    },
    "isPriceAvailable": true,
    "channelAvailability": [
      "8_BE_STORE",
      "8_LU_STORE",
      "8_BE_COLLECT_NEXT_DAY",
      "8_BE_HOME_DELIVERY_DRIVER"
    ],
    "businessDomain": "RETAIL_BE",
    "walkRouteSequenceNumber": 3868,
    "isAvailable": true,
    "inPromo": false,
    "topCategoryName": "Boissons",
    "topCategoryId": "354",
    "categories": [
      {
        "name": "Boissons",
        "id": "354",
        "children": [
          {
            "name": "Bi\u00e8res",
            "id": "389",
            "children": [
              {
                "name": "Bi\u00e8re d'Abbaye, Trappiste blonde & amb",
                "id": "391"
              }
            ]
          }
        ]
      }
    ],
    "IsPrivateLabel": false,
    "amount": 0.5,
    "IsBiffe": false,
    "foodPairing": [
      "Viande blanche",
      "Salade",
      "Gibier",
      "Fromages forts",
      "Crustac\u00e9s",
      "Viande rouge",
      "Volaille",
      "Poisson"
    ],
    "IsWeightArticle": false,
    "WeightconversionFactor": "0",
    "IsBio": false,
    "CountryOfOrigin": "BELGIQUE",
    "IsExclusivelySoldInLuxembourg": false,
    "OrderUnit": "P",
    "AlcoholDisclaimermsg": true,
    "InSeason": true,
    "ShortName": "GRIM BLONDE CAN 50CL",
    "IsNew": false,
    "amountUnit": "kg",
    "CountryOfOriginISO": "BE",
    "EcoscoreLabel": "D",
    "ShowAlcoholLegalMsg": true,
    "LongName": "GRIMBERGEN blonde 6,7% canette 50cl",
    "RecentQuanityOfStockUnits": "4,1",
    "AlcoholVolume": "6.7",
    "StartSeasonDate": "19/12/2022",
    "FicCode": "E",
    "EcoscoreValue": "37"
  },
  {
    "technicalArticleNumber": "4738471",
    "commercialArticleNumber": "32383",
    "gtin": [
      "05419980316653",
      "05419980316660",
      "05419980316615"
    ],
    "productId": "881114",
    "name": "Peak IPA 0,3% canette",
    "description": "*Bi\u00e8re sans alcool\n*IPA",
    "brand": "THRIVE",
    "seoBrand": "Thrive",
    "thumbNail": "https://static.colruytgroup.com/images/200x200/std.lang.all/20/72/asset-3342072.jpg",
    "fullImage": "https://static.colruytgroup.com/images/500x500/std.lang.all/20/72/asset-3342072.jpg",
    "squareImage": "https://static.colruytgroup.com/images/500x500sq/std.lang.all/20/72/asset-3342072.jpg",
    "content": "33cl",
    "price": {
      "basicPrice": 2.39,
      "recommendedQuantity": "4.0",
      "measurementUnitPrice": 7.25,
      "measurementUnit": "L",
      "isRedPrice": false,
      "pricePerUOM": 7.25,
      "activationDate": "18-04-2025",
      "recordSource": "Offline",
      "isPromoActive": "N",
      "priceChangeCode": "E",
      "priceReason": "Reaction"
    },
    "isPriceAvailable": true,
    "channelAvailability": [
      "3_BE_STORE",
      "8_BE_STORE",
      "8_LU_STORE",
      "8_BE_COLLECT_NEXT_DAY",
      "8_BE_HOME_DELIVERY",
      "8_BE_HOME_DELIVERY_DRIVER"
    ],
    "businessDomain": "RETAIL_BE",
    "walkRouteSequenceNumber": 4139,
    "isAvailable": true,
    "inPromo": false,
    "topCategoryName": "Boissons",
    "topCategoryId": "354",
    "categories": [
      {
        "name": "Boissons",
        "id": "354",
        "children": [
          {
            "name": "Bi\u00e8res",
            "id": "389",
            "children": [
              {
                "name": "Bi\u00e8res sans alcool",
                "id": "398"
              }
            ]
          }
        ]
      }
    ],
    "IsPrivateLabel": false,
    "amount": 0.33,
    "IsBiffe": false,
    "foodPairing": [
      "Viande blanche",
      "Ap\u00e9ritif"
    ],
    "IsWeightArticle": false,
    "WeightconversionFactor": "0",
    "IsBio": false,
    "CountryOfOrigin": "BELGIQUE",
    "IsExclusivelySoldInLuxembourg": false,
    "OrderUnit": "P",
    "AlcoholDisclaimermsg": false,
    "ShortName": "THRI PEAK IPA CAN 33CL",
    "IsNew": false,
    "amountUnit": "kg",
    "CountryOfOriginISO": "BE",
    "servings": {
      "source": "1.0",
      "parsedValue": 1
    },
    "EcoscoreLabel": "D",
    "ShowAlcoholLegalMsg": false,
    "LongName": "THRIVE Peak IPA 0,3% canette 33cl",
    "RecentQuanityOfStockUnits": "1,4,24",
    "AlcoholVolume": "0.3",
    "FicCode": "E",
    "EcoscoreValue": "37"
  },
  {
    "technicalArticleNumber": "5303",
    "commercialArticleNumber": "5303",
    "gtin": [
      "00000050213245",
      "05000213004807",
      "05000213004814"
    ],
    "productId": "387",
    "name": "stout 4,2% can",
    "description": "*Bi\u00e8re irlandaise\n*4,2 % vol",
    "brand": "GUINNESS",
    "seoBrand": "Guinness",
    "thumbNail": "https://static.colruytgroup.com/images/200x200/std.lang.all/74/82/asset-1467482.jpg",
    "fullImage": "https://static.colruytgroup.com/images/500x500/std.lang.all/74/82/asset-1467482.jpg",
    "squareImage": "https://static.colruytgroup.com/images/500x500sq/std.lang.all/74/82/asset-1467482.jpg",
    "content": "33cl",
    "price": {
      "basicPrice": 2.57,
      "recommendedQuantity": "4.0",
      "quantityPrice": 2.47,
      "quantityPriceQuantity": "24.0",
      "measurementUnitPrice": 7.79,
      "measurementUnitQuantityPrice": 7.49,
      "measurementUnit": "L",
      "isRedPrice": false,
      "pricePerUOM": 7.79,
      "activationDate": "04-06-2025",
      "recordSource": "Online",
      "isPromoActive": "N",
      "priceChangeCode": "H",
      "quantityPricePerUOM": 7.49,
      "quantityActivationDate": "04-06-2025",
      "quantityPriceChangeCode": "H",
      "priceReason": "Reaction"
    },
    "isPriceAvailable": true,
    "channelAvailability": [
      "8_BE_STORE",
      "8_LU_STORE",
      "8_BE_COLLECT_NEXT_DAY",
      "8_BE_HOME_DELIVERY",
      "8_BE_HOME_DELIVERY_DRIVER"
    ],
    "businessDomain": "RETAIL_BE",
    "walkRouteSequenceNumber": 3887,
    "isAvailable": true,
    "inPromo": false,
    "topCategoryName": "Boissons",
    "topCategoryId": "354",
    "categories": [
      {
        "name": "Boissons",
        "id": "354",
        "children": [
          {
            "name": "Bi\u00e8res",
            "id": "389",
            "children": [
              {
                "name": "Bi\u00e8re brune et forte",
                "id": "1848"
              }
            ]
          }
        ]
      }
    ],
    "IsPrivateLabel": false,
    "amount": 0.33,
    "IsBiffe": false,
    "foodPairing": [
      "Desserts",
      "Barbecue",
      "Fromages doux",
      "Gibier",
      "P\u00e2tes & pizza",
      "Veggie",
      "Viande blanche"
    ],
    "IsWeightArticle": false,
    "WeightconversionFactor": "0",
    "IsBio": false,
    "CountryOfOrigin": "BELGIQUE",
    "IsExclusivelySoldInLuxembourg": false,
    "OrderUnit": "P",
    "AlcoholDisclaimermsg": true,
    "ShortName": "GUINNESS BOITE 33 CL",
    "IsNew": false,
    "amountUnit": "kg",
    "CountryOfOriginISO": "BE",
    "EcoscoreLabel": "D",
    "ShowAlcoholLegalMsg": true,
    "LongName": "GUINNESS stout 4,2% can 33cl",
    "RecentQuanityOfStockUnits": "1,4,24",
    "AlcoholVolume": "4.2",
    "FicCode": "E",
    "EcoscoreValue": "37"
  },
  {
    "technicalArticleNumber": "2412815",
    "commercialArticleNumber": "8557",
    "gtin": [
      "05410228222262",
      "05410228222316",
      "05410228201236"
    ],
    "productId": "56701",
    "name": "bi\u00e8re abbaye brune 6,5% can",
    "description": "*Bi\u00e8re d'abbaye\n*6,5 % vol",
    "brand": "LEFFE",
    "seoBrand": "Leffe",
    "thumbNail": "https://static.colruytgroup.com/images/200x200/std.lang.all/00/25/asset-2460025.jpg",
    "fullImage": "https://static.colruytgroup.com/images/500x500/std.lang.all/00/25/asset-2460025.jpg",
    "squareImage": "https://static.colruytgroup.com/images/500x500sq/std.lang.all/00/25/asset-2460025.jpg",
    "content": "50cl",
    "price": {
      "basicPrice": 2.59,
      "recommendedQuantity": "6.0",
      "measurementUnitPrice": 5.18,
      "measurementUnit": "L",
      "isRedPrice": false,
      "pricePerUOM": 5.18,
      "activationDate": "04-06-2025",
      "recordSource": "Offline",
      "isPromoActive": "N",
      "priceChangeCode": "E",
      "priceReason": "Reaction"
    },
    "isPriceAvailable": true,
    "channelAvailability": [
      "3_BE_STORE",
      "8_BE_STORE",
      "8_LU_STORE",
      "8_BE_COLLECT_NEXT_DAY",
      "8_BE_HOME_DELIVERY",
      "8_BE_HOME_DELIVERY_DRIVER"
    ],
    "businessDomain": "RETAIL_BE",
    "walkRouteSequenceNumber": 3891,
    "isAvailable": true,
    "inPromo": false,
    "topCategoryName": "Boissons",
    "topCategoryId": "354",
    "categories": [
      {
        "name": "Boissons",
        "id": "354",
        "children": [
          {
            "name": "Bi\u00e8res",
            "id": "389",
            "children": [
              {
                "name": "Bi\u00e8re d'Abbaye et Trappiste brune",
                "id": "1851"
              }
            ]
          }
        ]
      }
    ],
    "IsPrivateLabel": false,
    "amount": 0.5,
    "IsBiffe": false,
    "WeightconversionFactor": "0",
    "foodPairing": [
      "Viande rouge",
      "Viande blanche",
      "Desserts",
      "Gibier",
      "Fromages forts",
      "Veggie"
    ],
    "IsWeightArticle": false,
    "IsBio": false,
    "CountryOfOrigin": "BELGIQUE",
    "IsExclusivelySoldInLuxembourg": false,
    "OrderUnit": "P",
    "ShortName": "LEFFE BRUIN BOITE 50CL",
    "AlcoholDisclaimermsg": true,
    "IsNew": false,
    "amountUnit": "kg",
    "CountryOfOriginISO": "BE",
    "ShowAlcoholLegalMsg": true,
    "LongName": "LEFFE bi\u00e8re abbaye brune 6,5% can 50cl",
    "RecentQuanityOfStockUnits": "1,24,6",
    "AlcoholVolume": "6.5",
    "FicCode": "E"
  },
  {
    "technicalArticleNumber": "4886793",
    "commercialArticleNumber": "39262",
    "gtin": [
      "03119780248186",
      "05410263931587",
      "05410263931594"
    ],
    "productId": "1263738",
    "name": "Red Caipirinha 5,9% can",
    "description": "*Bi\u00e8re aromatis\u00e9e\n*5,9% vol",
    "brand": "DESPERADOS",
    "seoBrand": "Desperados",
    "thumbNail": "https://static.colruytgroup.com/images/200x200/std.lang.all/92/40/asset-3789240.jpg",
    "fullImage": "https://static.colruytgroup.com/images/500x500/std.lang.all/92/40/asset-3789240.jpg",
    "squareImage": "https://static.colruytgroup.com/images/500x500sq/std.lang.all/92/40/asset-3789240.jpg",
    "content": "50cl",
    "price": {
      "basicPrice": 2.74,
      "recommendedQuantity": "4.0",
      "measurementUnitPrice": 5.48,
      "measurementUnit": "L",
      "isRedPrice": false,
      "pricePerUOM": 5.48,
      "activationDate": "04-06-2025",
      "recordSource": "Offline",
      "isPromoActive": "N",
      "priceChangeCode": "E",
      "priceReason": "Reaction"
    },
    "isPriceAvailable": true,
    "channelAvailability": [
      "8_BE_STORE",
      "8_BE_COLLECT_NEXT_DAY",
      "8_BE_HOME_DELIVERY",
      "8_BE_HOME_DELIVERY_DRIVER"
    ],
    "businessDomain": "RETAIL_BE",
    "walkRouteSequenceNumber": 3904,
    "isAvailable": true,
    "inPromo": false,
    "topCategoryName": "Boissons",
    "topCategoryId": "354",
    "categories": [
      {
        "name": "Boissons",
        "id": "354",
        "children": [
          {
            "name": "Bi\u00e8res",
            "id": "389",
            "children": [
              {
                "name": "Bi\u00e8re blanche, bi\u00e8re aux fruits et bi",
                "id": "395"
              }
            ]
          }
        ]
      }
    ],
    "IsPrivateLabel": false,
    "amount": 0.5,
    "IsBiffe": false,
    "foodPairing": [
      "Viande blanche",
      "Veggie",
      "Ap\u00e9ritif",
      "Desserts",
      "Barbecue",
      "P\u00e2tes & pizza"
    ],
    "IsWeightArticle": false,
    "WeightconversionFactor": "0",
    "IsBio": false,
    "CountryOfOrigin": "BELGIQUE",
    "IsExclusivelySoldInLuxembourg": false,
    "OrderUnit": "P",
    "AlcoholDisclaimermsg": true,
    "ShortName": "DESP RED CAIPIRINHA50CL",
    "IsNew": false,
    "amountUnit": "kg",
    "CountryOfOriginISO": "BE",
    "EcoscoreLabel": "D",
    "ShowAlcoholLegalMsg": true,
    "LongName": "DESPERADOS Red Caipirinha 5,9% can 50cl",
    "RecentQuanityOfStockUnits": "24,1,4",
    "AlcoholVolume": "5.9",
    "FicCode": "E",
    "EcoscoreValue": "37"
  },
  {
    "technicalArticleNumber": "4889080",
    "commercialArticleNumber": "39464",
    "gtin": [
      "05410263930863",
      "05410263930887",
      "05410263930856"
    ],
    "productId": "1265581",
    "name": "Tropical 5,9% can",
    "description": "*Bi\u00e8re aromatis\u00e9e\n*5,9% vol",
    "brand": "DESPERADOS",
    "seoBrand": "Desperados",
    "thumbNail": "https://static.colruytgroup.com/images/200x200/std.lang.all/91/61/asset-3789161.jpg",
    "fullImage": "https://static.colruytgroup.com/images/500x500/std.lang.all/91/61/asset-3789161.jpg",
    "squareImage": "https://static.colruytgroup.com/images/500x500sq/std.lang.all/91/61/asset-3789161.jpg",
    "content": "50cl",
    "price": {
      "basicPrice": 2.78,
      "recommendedQuantity": "4.0",
      "measurementUnitPrice": 5.56,
      "measurementUnit": "L",
      "isRedPrice": false,
      "pricePerUOM": 5.56,
      "activationDate": "04-06-2025",
      "recordSource": "Offline",
      "isPromoActive": "N",
      "priceChangeCode": "E",
      "priceReason": "Reaction"
    },
    "isPriceAvailable": true,
    "channelAvailability": [
      "8_BE_STORE",
      "8_BE_COLLECT_NEXT_DAY",
      "8_BE_HOME_DELIVERY",
      "8_BE_HOME_DELIVERY_DRIVER"
    ],
    "businessDomain": "RETAIL_BE",
    "walkRouteSequenceNumber": 3905,
    "isAvailable": true,
    "inPromo": false,
    "topCategoryName": "Boissons",
    "topCategoryId": "354",
    "categories": [
      {
        "name": "Boissons",
        "id": "354",
        "children": [
          {
            "name": "Bi\u00e8res",
            "id": "389",
            "children": [
              {
                "name": "Bi\u00e8re blanche, bi\u00e8re aux fruits et bi",
                "id": "395"
              }
            ]
          }
        ]
      }
    ],
    "IsPrivateLabel": false,
    "amount": 0.5,
    "IsBiffe": false,
    "foodPairing": [
      "Salade",
      "P\u00e2tes & pizza",
      "Desserts",
      "Barbecue",
      "Ap\u00e9ritif"
    ],
    "IsWeightArticle": false,
    "WeightconversionFactor": "0",
    "IsBio": false,
    "CountryOfOrigin": "BELGIQUE",
    "IsExclusivelySoldInLuxembourg": false,
    "OrderUnit": "P",
    "AlcoholDisclaimermsg": true,
    "ShortName": "DESP TROPICAL 5.9% 50CL",
    "IsNew": false,
    "amountUnit": "kg",
    "CountryOfOriginISO": "BE",
    "EcoscoreLabel": "D",
    "ShowAlcoholLegalMsg": true,
    "LongName": "DESPERADOS Tropical 5,9% can 50cl",
    "RecentQuanityOfStockUnits": "24,4,1",
    "AlcoholVolume": "5.9",
    "FicCode": "E",
    "EcoscoreValue": "37"
  },
  {
    "technicalArticleNumber": "4773793",
    "commercialArticleNumber": "33036",
    "gtin": [
      "05410263929232",
      "05410263929201",
      "05410263929270",
      "05410263929294"
    ],
    "productId": "962246",
    "name": "Mojito 5,9% can",
    "description": "*Latin spirit bi\u00e8re\n*\u00c0 l'aguardiente\n*Rhum\n*Servir tr\u00e8s frais\n*5,9 % vol",
    "brand": "DESPERADOS",
    "seoBrand": "Desperados",
    "thumbNail": "https://static.colruytgroup.com/images/200x200/std.lang.all/52/41/asset-3375241.jpg",
    "fullImage": "https://static.colruytgroup.com/images/500x500/std.lang.all/52/41/asset-3375241.jpg",
    "squareImage": "https://static.colruytgroup.com/images/500x500sq/std.lang.all/52/41/asset-3375241.jpg",
    "content": "50cl",
    "price": {
      "basicPrice": 2.88,
      "recommendedQuantity": "4.0",
      "measurementUnitPrice": 5.76,
      "measurementUnit": "L",
      "isRedPrice": false,
      "pricePerUOM": 5.76,
      "activationDate": "04-06-2025",
      "recordSource": "Offline",
      "isPromoActive": "N",
      "priceChangeCode": "E",
      "priceReason": "Reaction"
    },
    "isPriceAvailable": true,
    "channelAvailability": [
      "3_BE_STORE",
      "8_BE_STORE",
      "8_BE_COLLECT_NEXT_DAY",
      "8_BE_HOME_DELIVERY_DRIVER"
    ],
    "businessDomain": "RETAIL_BE",
    "walkRouteSequenceNumber": 4071,
    "isAvailable": true,
    "inPromo": false,
    "topCategoryName": "Boissons",
    "topCategoryId": "354",
    "categories": [
      {
        "name": "Boissons",
        "id": "354",
        "children": [
          {
            "name": "Bi\u00e8res",
            "id": "389",
            "children": [
              {
                "name": "Bi\u00e8re blanche, bi\u00e8re aux fruits et bi",
                "id": "395"
              }
            ]
          }
        ]
      }
    ],
    "IsPrivateLabel": false,
    "amount": 0.5,
    "IsBiffe": false,
    "WeightconversionFactor": "0",
    "IsWeightArticle": false,
    "IsBio": false,
    "CountryOfOrigin": "PAYS-BAS",
    "IsExclusivelySoldInLuxembourg": false,
    "OrderUnit": "P",
    "ShortName": "DESP MOJITO BLIK 50CL",
    "AlcoholDisclaimermsg": true,
    "IsNew": false,
    "amountUnit": "kg",
    "CountryOfOriginISO": "NL",
    "EcoscoreLabel": "D",
    "ShowAlcoholLegalMsg": true,
    "LongName": "DESPERADOS Mojito 5,9% can 50cl",
    "RecentQuanityOfStockUnits": "24,4,1",
    "AlcoholVolume": "5.9",
    "FicCode": "E",
    "EcoscoreValue": "37"
  },
  {
    "technicalArticleNumber": "3848499",
    "commercialArticleNumber": "12698",
    "gtin": [
      "05411081006112",
      "05411081007829"
    ],
    "productId": "385237",
    "name": "rouge 8% canette",
    "brand": "KASTEEL",
    "seoBrand": "Kasteel",
    "thumbNail": "https://static.colruytgroup.com/images/200x200/std.lang.all/72/10/asset-2237210.jpg",
    "fullImage": "https://static.colruytgroup.com/images/500x500/std.lang.all/72/10/asset-2237210.jpg",
    "squareImage": "https://static.colruytgroup.com/images/500x500sq/std.lang.all/72/10/asset-2237210.jpg",
    "content": "50cl",
    "price": {
      "basicPrice": 2.99,
      "recommendedQuantity": "1.0",
      "quantityPrice": 2.87,
      "quantityPriceQuantity": "24.0",
      "measurementUnitPrice": 5.98,
      "measurementUnitQuantityPrice": 5.74,
      "measurementUnit": "L",
      "isRedPrice": false,
      "pricePerUOM": 5.98,
      "activationDate": "02-05-2025",
      "recordSource": "Offline",
      "isPromoActive": "N",
      "priceChangeCode": "H",
      "quantityPricePerUOM": 5.74,
      "quantityActivationDate": "02-05-2025",
      "quantityPriceChangeCode": "H",
      "priceReason": "Reaction"
    },
    "isPriceAvailable": true,
    "channelAvailability": [
      "8_BE_STORE",
      "8_LU_STORE",
      "8_BE_COLLECT_NEXT_DAY",
      "8_BE_HOME_DELIVERY",
      "8_BE_HOME_DELIVERY_DRIVER"
    ],
    "businessDomain": "RETAIL_BE",
    "walkRouteSequenceNumber": 4049,
    "isAvailable": true,
    "inPromo": false,
    "topCategoryName": "Boissons",
    "topCategoryId": "354",
    "categories": [
      {
        "name": "Boissons",
        "id": "354",
        "children": [
          {
            "name": "Bi\u00e8res",
            "id": "389",
            "children": [
              {
                "name": "Bi\u00e8re blanche, bi\u00e8re aux fruits et bi",
                "id": "395"
              }
            ]
          }
        ]
      }
    ],
    "IsPrivateLabel": false,
    "amount": 0.5,
    "IsBiffe": false,
    "foodPairing": [
      "Poisson",
      "Volaille",
      "Salade",
      "Ap\u00e9ritif",
      "Gibier",
      "Desserts"
    ],
    "IsWeightArticle": false,
    "WeightconversionFactor": "0",
    "IsBio": false,
    "CountryOfOrigin": "BELGIQUE",
    "IsExclusivelySoldInLuxembourg": false,
    "OrderUnit": "P",
    "AlcoholDisclaimermsg": true,
    "InSeason": true,
    "ShortName": "KAST ROUGE 50CL CAN",
    "IsNew": false,
    "amountUnit": "kg",
    "CountryOfOriginISO": "BE",
    "EcoscoreLabel": "D",
    "ShowAlcoholLegalMsg": true,
    "LongName": "KASTEEL rouge 8% canette 50cl",
    "RecentQuanityOfStockUnits": "1,24",
    "AlcoholVolume": "8",
    "StartSeasonDate": "11/02/2019",
    "FicCode": "E",
    "EcoscoreValue": "37"
  },
  {
    "technicalArticleNumber": "4880926",
    "commercialArticleNumber": "39206",
    "gtin": [
      "05411081011338",
      "05411081011345"
    ],
    "productId": "1259404",
    "name": "Triple 11% canette",
    "description": "*Bi\u00e8re blonde forte\n*11% vol",
    "brand": "KASTEEL",
    "seoBrand": "Kasteel",
    "thumbNail": "https://static.colruytgroup.com/images/200x200/std.lang.all/66/26/asset-3756626.jpg",
    "fullImage": "https://static.colruytgroup.com/images/500x500/std.lang.all/66/26/asset-3756626.jpg",
    "squareImage": "https://static.colruytgroup.com/images/500x500sq/std.lang.all/66/26/asset-3756626.jpg",
    "content": "50cl",
    "price": {
      "basicPrice": 2.99,
      "recommendedQuantity": "1.0",
      "quantityPrice": 2.87,
      "quantityPriceQuantity": "24.0",
      "measurementUnitPrice": 5.98,
      "measurementUnitQuantityPrice": 5.74,
      "measurementUnit": "L",
      "isRedPrice": false,
      "pricePerUOM": 5.98,
      "activationDate": "23-04-2025",
      "isPromoActive": "N",
      "priceChangeCode": "E",
      "quantityPricePerUOM": 5.74,
      "quantityActivationDate": "23-04-2025",
      "quantityPriceChangeCode": "E",
      "priceReason": "FALLBACK"
    },
    "isPriceAvailable": true,
    "channelAvailability": [
      "8_BE_STORE",
      "8_LU_STORE",
      "8_BE_COLLECT_NEXT_DAY",
      "8_BE_HOME_DELIVERY",
      "8_BE_HOME_DELIVERY_DRIVER"
    ],
    "businessDomain": "RETAIL_BE",
    "walkRouteSequenceNumber": 4048,
    "isAvailable": true,
    "inPromo": false,
    "topCategoryName": "Boissons",
    "topCategoryId": "354",
    "categories": [
      {
        "name": "Boissons",
        "id": "354",
        "children": [
          {
            "name": "Bi\u00e8res",
            "id": "389",
            "children": [
              {
                "name": "Blonde, blonde forte et triple b",
                "id": "394"
              }
            ]
          }
        ]
      }
    ],
    "IsPrivateLabel": false,
    "amount": 0.5,
    "IsBiffe": false,
    "foodPairing": [
      "Desserts",
      "Fromages forts",
      "Gibier",
      "Viande rouge"
    ],
    "IsWeightArticle": false,
    "WeightconversionFactor": "0",
    "IsBio": false,
    "CountryOfOrigin": "BELGIQUE",
    "IsExclusivelySoldInLuxembourg": false,
    "OrderUnit": "P",
    "AlcoholDisclaimermsg": true,
    "ShortName": "KAST TRIPLE CAN 50CL",
    "IsNew": false,
    "amountUnit": "kg",
    "CountryOfOriginISO": "BE",
    "EcoscoreLabel": "D",
    "ShowAlcoholLegalMsg": true,
    "LongName": "KASTEEL Triple 11% canette 50cl",
    "RecentQuanityOfStockUnits": "1,24",
    "AlcoholVolume": "11",
    "FicCode": "E",
    "EcoscoreValue": "37"
  },
  {
    "technicalArticleNumber": "4777527",
    "commercialArticleNumber": "8085",
    "gtin": [
      "05411081010119",
      "05411081010126"
    ],
    "productId": "978545",
    "name": "Rubus Framboise 7,0 % can",
    "description": "*Bi\u00e8re fruit\u00e9e\n*Framboise\n*7,0% vol",
    "brand": "KASTEEL",
    "seoBrand": "Kasteel",
    "thumbNail": "https://static.colruytgroup.com/images/200x200/std.lang.all/01/12/asset-3380112.jpg",
    "fullImage": "https://static.colruytgroup.com/images/500x500/std.lang.all/01/12/asset-3380112.jpg",
    "squareImage": "https://static.colruytgroup.com/images/500x500sq/std.lang.all/01/12/asset-3380112.jpg",
    "content": "50cl",
    "price": {
      "basicPrice": 3.09,
      "recommendedQuantity": "1.0",
      "quantityPrice": 2.97,
      "quantityPriceQuantity": "24.0",
      "measurementUnitPrice": 6.18,
      "measurementUnitQuantityPrice": 5.94,
      "measurementUnit": "L",
      "isRedPrice": false,
      "pricePerUOM": 6.18,
      "activationDate": "15-05-2025",
      "recordSource": "Offline",
      "isPromoActive": "N",
      "priceChangeCode": "E",
      "quantityPricePerUOM": 5.94,
      "quantityActivationDate": "15-05-2025",
      "quantityPriceChangeCode": "E",
      "priceReason": "Reaction"
    },
    "isPriceAvailable": true,
    "channelAvailability": [
      "8_BE_STORE",
      "8_BE_COLLECT_NEXT_DAY",
      "8_BE_HOME_DELIVERY_DRIVER"
    ],
    "businessDomain": "RETAIL_BE",
    "walkRouteSequenceNumber": 4050,
    "isAvailable": true,
    "inPromo": false,
    "topCategoryName": "Boissons",
    "topCategoryId": "354",
    "categories": [
      {
        "name": "Boissons",
        "id": "354",
        "children": [
          {
            "name": "Bi\u00e8res",
            "id": "389",
            "children": [
              {
                "name": "Bi\u00e8re blanche, bi\u00e8re aux fruits et bi",
                "id": "395"
              }
            ]
          }
        ]
      }
    ],
    "IsPrivateLabel": false,
    "amount": 0.5,
    "IsBiffe": false,
    "foodPairing": [
      "Volaille",
      "Viande rouge",
      "Viande blanche",
      "Veggie",
      "Ap\u00e9ritif",
      "P\u00e2tes & pizza",
      "Gibier",
      "Fromages doux",
      "Barbecue",
      "Salade"
    ],
    "IsWeightArticle": false,
    "WeightconversionFactor": "0",
    "IsBio": false,
    "CountryOfOrigin": "BELGIQUE",
    "IsExclusivelySoldInLuxembourg": false,
    "OrderUnit": "P",
    "AlcoholDisclaimermsg": true,
    "ShortName": "KAST RUBUS FRAMBOI 50CL",
    "IsNew": false,
    "amountUnit": "kg",
    "CountryOfOriginISO": "BE",
    "EcoscoreLabel": "D",
    "ShowAlcoholLegalMsg": true,
    "LongName": "KASTEEL Rubus Framboise 7,0 % can 50cl",
    "RecentQuanityOfStockUnits": "1,24",
    "AlcoholVolume": "7",
    "FicCode": "E",
    "EcoscoreValue": "37"
  },
  {
    "technicalArticleNumber": "4251206",
    "commercialArticleNumber": "19213",
    "gtin": [
      "05410218007282",
      "05410218007299"
    ],
    "productId": "592168",
    "name": "Xplosion Peach 11,0%vol can",
    "description": "*Bi\u00e8re aromatis\u00e9e\n*11 % vol\n*Basse fermentation",
    "brand": "GORDON",
    "seoBrand": "Gordon",
    "thumbNail": "https://static.colruytgroup.com/images/200x200/std.lang.all/36/07/asset-2083607.jpg",
    "fullImage": "https://static.colruytgroup.com/images/500x500/std.lang.all/36/07/asset-2083607.jpg",
    "squareImage": "https://static.colruytgroup.com/images/500x500sq/std.lang.all/36/07/asset-2083607.jpg",
    "content": "50cl",
    "price": {
      "basicPrice": 3.19,
      "recommendedQuantity": "1.0",
      "quantityPrice": 2.93,
      "quantityPriceQuantity": "12.0",
      "measurementUnitPrice": 6.38,
      "measurementUnitQuantityPrice": 5.86,
      "measurementUnit": "L",
      "isRedPrice": false,
      "pricePerUOM": 6.38,
      "activationDate": "21-05-2025",
      "recordSource": "Offline",
      "isPromoActive": "N",
      "priceChangeCode": "E",
      "quantityPricePerUOM": 5.86,
      "quantityActivationDate": "21-05-2025",
      "quantityPriceChangeCode": "H",
      "priceReason": "Reaction"
    },
    "isPriceAvailable": true,
    "channelAvailability": [
      "8_BE_STORE",
      "8_BE_COLLECT_NEXT_DAY",
      "8_BE_HOME_DELIVERY_DRIVER"
    ],
    "businessDomain": "RETAIL_BE",
    "walkRouteSequenceNumber": 4051,
    "isAvailable": true,
    "inPromo": false,
    "topCategoryName": "Boissons",
    "topCategoryId": "354",
    "categories": [
      {
        "name": "Boissons",
        "id": "354",
        "children": [
          {
            "name": "Bi\u00e8res",
            "id": "389",
            "children": [
              {
                "name": "Bi\u00e8re blanche, bi\u00e8re aux fruits et bi",
                "id": "395"
              }
            ]
          }
        ]
      }
    ],
    "IsPrivateLabel": false,
    "amount": 0.5,
    "IsBiffe": false,
    "foodPairing": [
      "Ap\u00e9ritif",
      "Desserts",
      "Barbecue"
    ],
    "IsWeightArticle": false,
    "WeightconversionFactor": "0",
    "IsBio": false,
    "CountryOfOrigin": "BELGIQUE",
    "IsExclusivelySoldInLuxembourg": false,
    "OrderUnit": "P",
    "AlcoholDisclaimermsg": true,
    "InSeason": true,
    "ShortName": "GORD XPLOSION PEACH50CL",
    "IsNew": false,
    "amountUnit": "kg",
    "CountryOfOriginISO": "BE",
    "EcoscoreLabel": "D",
    "ShowAlcoholLegalMsg": true,
    "LongName": "GORDON Xplosion Peach 11,0%vol can 50cl",
    "RecentQuanityOfStockUnits": "1,12",
    "AlcoholVolume": "11",
    "StartSeasonDate": "19/02/2021",
    "FicCode": "E",
    "EcoscoreValue": "37"
  },
  {
    "technicalArticleNumber": "1773917",
    "commercialArticleNumber": "5114",
    "gtin": [
      "05410218560008",
      "05410218560015"
    ],
    "productId": "19158",
    "name": "Finest Platinum 12%vol can",
    "description": "*Bi\u00e8re anglaise\n*12 % vol",
    "brand": "GORDON",
    "seoBrand": "Gordon Finest Platinum",
    "thumbNail": "https://static.colruytgroup.com/images/200x200/std.lang.all/91/91/asset-1549191.jpg",
    "fullImage": "https://static.colruytgroup.com/images/500x500/std.lang.all/91/91/asset-1549191.jpg",
    "squareImage": "https://static.colruytgroup.com/images/500x500sq/std.lang.all/91/91/asset-1549191.jpg",
    "content": "50cl",
    "price": {
      "basicPrice": 3.27,
      "recommendedQuantity": "1.0",
      "quantityPrice": 3.14,
      "quantityPriceQuantity": "24.0",
      "measurementUnitPrice": 6.54,
      "measurementUnitQuantityPrice": 6.28,
      "measurementUnit": "L",
      "isRedPrice": false,
      "pricePerUOM": 6.54,
      "activationDate": "27-05-2025",
      "recordSource": "Offline",
      "isPromoActive": "N",
      "priceChangeCode": "H",
      "quantityPricePerUOM": 6.28,
      "quantityActivationDate": "27-05-2025",
      "quantityPriceChangeCode": "H",
      "priceReason": "Reaction"
    },
    "isPriceAvailable": true,
    "channelAvailability": [
      "3_BE_STORE",
      "8_BE_STORE",
      "8_LU_STORE",
      "8_BE_COLLECT_NEXT_DAY",
      "8_BE_HOME_DELIVERY",
      "8_BE_HOME_DELIVERY_DRIVER"
    ],
    "businessDomain": "RETAIL_BE",
    "walkRouteSequenceNumber": 4047,
    "isAvailable": true,
    "inPromo": false,
    "topCategoryName": "Boissons",
    "topCategoryId": "354",
    "categories": [
      {
        "name": "Boissons",
        "id": "354",
        "children": [
          {
            "name": "Bi\u00e8res",
            "id": "389",
            "children": [
              {
                "name": "Blonde, blonde forte et triple b",
                "id": "394"
              }
            ]
          }
        ]
      }
    ],
    "IsPrivateLabel": false,
    "amount": 0.5,
    "IsBiffe": false,
    "foodPairing": [
      "Poisson",
      "Gibier",
      "Fromages forts",
      "Viande blanche",
      "Crustac\u00e9s",
      "Volaille",
      "Viande rouge",
      "Desserts"
    ],
    "IsWeightArticle": false,
    "WeightconversionFactor": "0",
    "IsBio": false,
    "CountryOfOrigin": "BELGIQUE",
    "IsExclusivelySoldInLuxembourg": false,
    "OrderUnit": "P",
    "AlcoholDisclaimermsg": true,
    "ShortName": "GORDON PLATINUM 50CL",
    "IsNew": false,
    "amountUnit": "kg",
    "CountryOfOriginISO": "BE",
    "EcoscoreLabel": "D",
    "ShowAlcoholLegalMsg": true,
    "LongName": "GORDON Finest Platinum 12%vol can 50cl",
    "RecentQuanityOfStockUnits": "1,24",
    "AlcoholVolume": "12",
    "FicCode": "E",
    "EcoscoreValue": "37"
  },
  {
    "technicalArticleNumber": "1215171",
    "commercialArticleNumber": "3755",
    "gtin": [
      "05410702000812",
      "25410702000816"
    ],
    "productId": "12196",
    "name": "5,5% Bio",
    "brand": "SAISON DUPONT",
    "seoBrand": "Saison Dupont",
    "thumbNail": "https://static.colruytgroup.com/images/200x200/std.lang.all/38/64/asset-393864.jpg",
    "fullImage": "https://static.colruytgroup.com/images/500x500/std.lang.all/38/64/asset-393864.jpg",
    "squareImage": "https://static.colruytgroup.com/images/500x500sq/std.lang.all/38/64/asset-393864.jpg",
    "content": "75cl",
    "price": {
      "basicPrice": 3.85,
      "recommendedQuantity": "1.0",
      "quantityPrice": 3.83,
      "quantityPriceQuantity": "6.0",
      "measurementUnitPrice": 5.14,
      "measurementUnitQuantityPrice": 5.11,
      "measurementUnit": "L",
      "isRedPrice": false,
      "pricePerUOM": 5.14,
      "activationDate": "28-05-2025",
      "recordSource": "Offline",
      "isPromoActive": "N",
      "priceChangeCode": "E",
      "quantityPricePerUOM": 5.11,
      "quantityActivationDate": "28-05-2025",
      "quantityPriceChangeCode": "H",
      "priceReason": "Reaction"
    },
    "isPriceAvailable": true,
    "channelAvailability": [
      "8_BE_STORE",
      "8_LU_STORE",
      "8_BE_COLLECT_NEXT_DAY",
      "8_BE_HOME_DELIVERY_DRIVER"
    ],
    "businessDomain": "RETAIL_BE",
    "walkRouteSequenceNumber": 3855,
    "isAvailable": true,
    "inPromo": false,
    "topCategoryName": "Boissons",
    "topCategoryId": "354",
    "categories": [
      {
        "name": "Boissons",
        "id": "354",
        "children": [
          {
            "name": "Bi\u00e8res",
            "id": "389",
            "children": [
              {
                "name": "Rouge brune, saison, gueuze, bi\u00e8re ambr",
                "id": "393"
              }
            ]
          }
        ]
      }
    ],
    "IsPrivateLabel": false,
    "amount": 0.75,
    "IsBiffe": false,
    "IsWeightArticle": false,
    "WeightconversionFactor": "0",
    "IsBio": true,
    "CountryOfOrigin": "BELGIQUE",
    "IsExclusivelySoldInLuxembourg": false,
    "OrderUnit": "P",
    "AlcoholDisclaimermsg": true,
    "ShortName": "SAISON DUPONT BIO 75CL",
    "IsNew": false,
    "amountUnit": "kg",
    "CountryOfOriginISO": "BE",
    "EcoscoreLabel": "A",
    "ShowAlcoholLegalMsg": true,
    "LongName": "SAISON DUPONT 5,5% Bio 75cl",
    "RecentQuanityOfStockUnits": "6,1",
    "AlcoholVolume": "5.5",
    "FicCode": "E",
    "DepositValue": [
      0.2
    ],
    "EcoscoreValue": "82"
  },
  {
    "technicalArticleNumber": "3189085",
    "commercialArticleNumber": "3734",
    "gtin": [
      "05410228211341",
      "05410228211631",
      "05410228257479"
    ],
    "productId": "136122",
    "name": "Pils 5,2%",
    "description": "*Pils\n*5,2 % vol",
    "brand": "JUPILER",
    "seoBrand": "Jupiler",
    "thumbNail": "https://static.colruytgroup.com/images/200x200/std.lang.all/96/47/asset-3179647.jpg",
    "fullImage": "https://static.colruytgroup.com/images/500x500/std.lang.all/96/47/asset-3179647.jpg",
    "squareImage": "https://static.colruytgroup.com/images/500x500sq/std.lang.all/96/47/asset-3179647.jpg",
    "content": "6x25cl",
    "price": {
      "basicPrice": 3.95,
      "recommendedQuantity": "1.0",
      "measurementUnitPrice": 2.64,
      "measurementUnit": "L",
      "isRedPrice": false,
      "pricePerUOM": 2.64,
      "activationDate": "04-06-2025",
      "recordSource": "Offline",
      "isPromoActive": "N",
      "priceChangeCode": "E",
      "priceReason": "Reaction"
    },
    "isPriceAvailable": true,
    "channelAvailability": [
      "3_BE_STORE",
      "8_BE_STORE",
      "8_LU_STORE",
      "8_BE_COLLECT_NEXT_DAY",
      "8_BE_HOME_DELIVERY",
      "8_BE_HOME_DELIVERY_DRIVER"
    ],
    "businessDomain": "RETAIL_BE",
    "walkRouteSequenceNumber": 4103,
    "isAvailable": true,
    "inPromo": false,
    "topCategoryName": "Boissons",
    "topCategoryId": "354",
    "categories": [
      {
        "name": "Boissons",
        "id": "354",
        "children": [
          {
            "name": "Bi\u00e8res",
            "id": "389",
            "children": [
              {
                "name": "Pils",
                "id": "1551",
                "children": [
                  {
                    "name": "Pils en bouteille",
                    "id": "1552"
                  }
                ]
              }
            ]
          }
        ]
      }
    ],
    "IsPrivateLabel": false,
    "amount": 1.5,
    "IsBiffe": false,
    "foodPairing": [
      "Veggie",
      "Crustac\u00e9s",
      "Fromages doux",
      "Poisson",
      "P\u00e2tes & pizza",
      "Volaille",
      "Ap\u00e9ritif",
      "Salade"
    ],
    "IsWeightArticle": false,
    "WeightconversionFactor": "0",
    "IsBio": false,
    "CountryOfOrigin": "BELGIQUE",
    "IsExclusivelySoldInLuxembourg": false,
    "OrderUnit": "P",
    "AlcoholDisclaimermsg": true,
    "ShortName": "JUPI BASKET 6X25CL",
    "IsNew": false,
    "amountUnit": "kg",
    "CountryOfOriginISO": "BE",
    "ShowAlcoholLegalMsg": true,
    "LongName": "JUPILER Pils 5,2% 6x25cl",
    "RecentQuanityOfStockUnits": "4,1",
    "AlcoholVolume": "5.2",
    "FicCode": "E",
    "DepositValue": [
      0.6
    ]
  },
  {
    "technicalArticleNumber": "3934382",
    "commercialArticleNumber": "1148",
    "gtin": [
      "05410769100098",
      "05410769801025"
    ],
    "productId": "419872",
    "name": "Blonde",
    "description": "*Bi\u00e8re sp\u00e9ciale\n*8% vol\n*Referment. en bout.",
    "brand": "CHOUFFE",
    "seoBrand": "Chouffe",
    "thumbNail": "https://static.colruytgroup.com/images/200x200/std.lang.all/26/51/asset-3842651.jpg",
    "fullImage": "https://static.colruytgroup.com/images/500x500/std.lang.all/26/51/asset-3842651.jpg",
    "squareImage": "https://static.colruytgroup.com/images/500x500sq/std.lang.all/26/51/asset-3842651.jpg",
    "content": "75cl",
    "price": {
      "basicPrice": 3.99,
      "recommendedQuantity": "1.0",
      "measurementUnitPrice": 5.32,
      "measurementUnit": "L",
      "isRedPrice": false,
      "pricePerUOM": 5.32,
      "activationDate": "27-02-2025",
      "recordSource": "Offline",
      "isPromoActive": "N",
      "priceChangeCode": "E",
      "priceReason": "Reaction"
    },
    "isPriceAvailable": true,
    "channelAvailability": [
      "8_BE_STORE",
      "8_LU_STORE",
      "8_BE_COLLECT_NEXT_DAY",
      "8_BE_HOME_DELIVERY",
      "8_BE_HOME_DELIVERY_DRIVER"
    ],
    "businessDomain": "RETAIL_BE",
    "walkRouteSequenceNumber": 3807,
    "isAvailable": true,
    "inPromo": false,
    "topCategoryName": "Boissons",
    "topCategoryId": "354",
    "categories": [
      {
        "name": "Boissons",
        "id": "354",
        "children": [
          {
            "name": "Bi\u00e8res",
            "id": "389",
            "children": [
              {
                "name": "Bi\u00e8res 75cl, Emballages Cadeaux",
                "id": "1066"
              }
            ]
          }
        ]
      }
    ],
    "IsPrivateLabel": false,
    "amount": 0.75,
    "IsBiffe": false,
    "foodPairing": [
      "Desserts",
      "Fromages forts",
      "Volaille",
      "Viande rouge",
      "Crustac\u00e9s",
      "Gibier",
      "Poisson",
      "Viande blanche"
    ],
    "IsWeightArticle": false,
    "WeightconversionFactor": "0",
    "IsBio": false,
    "CountryOfOrigin": "BELGIQUE",
    "IsExclusivelySoldInLuxembourg": false,
    "OrderUnit": "P",
    "AlcoholDisclaimermsg": true,
    "InSeason": true,
    "ShortName": "LA CHOUFFE BLONDE 75CL",
    "IsNew": false,
    "amountUnit": "kg",
    "CountryOfOriginISO": "BE",
    "EcoscoreLabel": "B",
    "ShowAlcoholLegalMsg": true,
    "LongName": "CHOUFFE Blonde 75cl",
    "RecentQuanityOfStockUnits": "1,6",
    "AlcoholVolume": "8",
    "StartSeasonDate": "04/05/2020",
    "FicCode": "E",
    "EcoscoreValue": "72"
  },
  {
    "technicalArticleNumber": "4417018",
    "commercialArticleNumber": "19149",
    "gtin": [
      "05410263925265",
      "05410263925258"
    ],
    "productId": "690515",
    "name": "pils 5,0%",
    "description": "*Pils belge\n*Ingr\u00e9dients locaux\n*Houblonn\u00e9e\n*EBU 26\n*5,0% VOL",
    "brand": "CRISTAL ALKEN",
    "seoBrand": "Cristal Alken",
    "thumbNail": "https://static.colruytgroup.com/images/200x200/std.lang.all/22/52/asset-3802252.jpg",
    "fullImage": "https://static.colruytgroup.com/images/500x500/std.lang.all/22/52/asset-3802252.jpg",
    "squareImage": "https://static.colruytgroup.com/images/500x500sq/std.lang.all/22/52/asset-3802252.jpg",
    "content": "6x25cl",
    "price": {
      "basicPrice": 4.39,
      "recommendedQuantity": "1.0",
      "measurementUnitPrice": 2.93,
      "measurementUnit": "L",
      "isRedPrice": false,
      "pricePerUOM": 2.93,
      "activationDate": "27-05-2025",
      "recordSource": "Offline",
      "isPromoActive": "N",
      "priceChangeCode": "H",
      "priceReason": "Reaction"
    },
    "isPriceAvailable": true,
    "channelAvailability": [
      "8_BE_STORE",
      "8_BE_COLLECT_NEXT_DAY",
      "8_BE_HOME_DELIVERY",
      "8_BE_HOME_DELIVERY_DRIVER"
    ],
    "businessDomain": "RETAIL_BE",
    "walkRouteSequenceNumber": 4083,
    "isAvailable": true,
    "inPromo": false,
    "topCategoryName": "Boissons",
    "topCategoryId": "354",
    "categories": [
      {
        "name": "Boissons",
        "id": "354",
        "children": [
          {
            "name": "Bi\u00e8res",
            "id": "389",
            "children": [
              {
                "name": "Pils",
                "id": "1551",
                "children": [
                  {
                    "name": "Pils en bouteille",
                    "id": "1552"
                  }
                ]
              }
            ]
          }
        ]
      }
    ],
    "foodPairing": [
      "Volaille",
      "Veggie",
      "Fromages doux",
      "Poisson",
      "Salade",
      "P\u00e2tes & pizza",
      "Crustac\u00e9s",
      "Ap\u00e9ritif"
    ],
    "CountryOfOrigin": "BELGIQUE",
    "IsExclusivelySoldInLuxembourg": false,
    "OrderUnit": "P",
    "AlcoholDisclaimermsg": true,
    "InSeason": true,
    "ShortName": "CRIS PILS BASKET 6X25CL",
    "IsNew": false,
    "ShowAlcoholLegalMsg": true,
    "RecentQuanityOfStockUnits": "1",
    "FicCode": "E",
    "IsPrivateLabel": false,
    "amount": 1.5,
    "IsBiffe": false,
    "IsWeightArticle": false,
    "WeightconversionFactor": "0",
    "IsBio": false,
    "amountUnit": "kg",
    "CountryOfOriginISO": "BE",
    "EcoscoreLabel": "B",
    "LongName": "CRISTAL ALKEN pils 5,0% 6x25cl",
    "AlcoholVolume": "5",
    "StartSeasonDate": "29/12/2022",
    "DepositValue": [
      0.6
    ],
    "EcoscoreValue": "70"
  },
  {
    "technicalArticleNumber": "4601822",
    "commercialArticleNumber": "10904",
    "gtin": [
      "05400141932089",
      "05411911001782"
    ],
    "productId": "793800",
    "name": "Extra 4 4,8%",
    "description": "*Bi\u00e8re d'abbaye\n*Blonde\n*4,8% vol",
    "brand": "ST BERNARDUS",
    "seoBrand": "St Bernardus",
    "thumbNail": "https://static.colruytgroup.com/images/200x200/std.lang.all/76/35/asset-3567635.jpg",
    "fullImage": "https://static.colruytgroup.com/images/500x500/std.lang.all/76/35/asset-3567635.jpg",
    "squareImage": "https://static.colruytgroup.com/images/500x500sq/std.lang.all/76/35/asset-3567635.jpg",
    "content": "4x33cl",
    "price": {
      "basicPrice": 4.49,
      "recommendedQuantity": "1.0",
      "measurementUnitPrice": 3.41,
      "measurementUnit": "L",
      "isRedPrice": false,
      "pricePerUOM": 3.41,
      "activationDate": "13-05-2025",
      "isPromoActive": "N",
      "priceChangeCode": "L",
      "priceReason": "FALLBACK"
    },
    "isPriceAvailable": true,
    "channelAvailability": [
      "8_BE_STORE",
      "8_BE_COLLECT_NEXT_DAY",
      "8_BE_HOME_DELIVERY_DRIVER"
    ],
    "businessDomain": "RETAIL_BE",
    "walkRouteSequenceNumber": 3982,
    "isAvailable": true,
    "inPromo": false,
    "topCategoryName": "Boissons",
    "topCategoryId": "354",
    "categories": [
      {
        "name": "Boissons",
        "id": "354",
        "children": [
          {
            "name": "Bi\u00e8res",
            "id": "389",
            "children": [
              {
                "name": "Blonde, blonde forte et triple b",
                "id": "394"
              }
            ]
          }
        ]
      }
    ],
    "IsPrivateLabel": false,
    "amount": 1.32,
    "IsBiffe": false,
    "foodPairing": [
      "Volaille",
      "Viande blanche",
      "Veggie",
      "Salade",
      "P\u00e2tes & pizza",
      "Poisson",
      "Fruits de mer",
      "Fromages doux",
      "Barbecue",
      "Ap\u00e9ritif"
    ],
    "IsWeightArticle": false,
    "WeightconversionFactor": "0",
    "IsBio": false,
    "CountryOfOrigin": "BELGIQUE",
    "IsExclusivelySoldInLuxembourg": false,
    "OrderUnit": "P",
    "AlcoholDisclaimermsg": true,
    "ShortName": "STBE EXTRA 4 4.8%4X33CL",
    "IsNew": false,
    "amountUnit": "kg",
    "CountryOfOriginISO": "BE",
    "EcoscoreLabel": "D",
    "ShowAlcoholLegalMsg": true,
    "LongName": "ST BERNARDUS Extra 4 4,8% 4x33cl",
    "RecentQuanityOfStockUnits": "1",
    "AlcoholVolume": "4.8",
    "FicCode": "E",
    "DepositValue": [
      0.4
    ],
    "EcoscoreValue": "37"
  },
  {
    "technicalArticleNumber": "3832705",
    "commercialArticleNumber": "15896",
    "gtin": [
      "03080216050867",
      "03080216050874",
      "05425010363979",
      "05425010363962"
    ],
    "productId": "339465",
    "name": "0,0% pils",
    "description": "*Bi\u00e8re sans alcool\n*0,0 % vol",
    "brand": "CARLSBERG",
    "seoBrand": "Carlsberg",
    "thumbNail": "https://static.colruytgroup.com/images/200x200/std.lang.all/39/62/asset-3003962.jpg",
    "fullImage": "https://static.colruytgroup.com/images/500x500/std.lang.all/39/62/asset-3003962.jpg",
    "squareImage": "https://static.colruytgroup.com/images/500x500sq/std.lang.all/39/62/asset-3003962.jpg",
    "content": "4x25cl",
    "price": {
      "basicPrice": 4.55,
      "recommendedQuantity": "1.0",
      "quantityPrice": 4.37,
      "quantityPriceQuantity": "3.0",
      "measurementUnitPrice": 4.55,
      "measurementUnitQuantityPrice": 4.37,
      "measurementUnit": "L",
      "isRedPrice": false,
      "pricePerUOM": 4.55,
      "activationDate": "12-05-2025",
      "recordSource": "Offline",
      "isPromoActive": "N",
      "priceChangeCode": "E",
      "quantityPricePerUOM": 4.37,
      "quantityActivationDate": "12-05-2025",
      "quantityPriceChangeCode": "H",
      "priceReason": "Reaction"
    },
    "isPriceAvailable": true,
    "channelAvailability": [
      "3_BE_STORE",
      "8_BE_STORE",
      "8_LU_STORE",
      "8_BE_COLLECT_NEXT_DAY",
      "8_BE_HOME_DELIVERY",
      "8_BE_HOME_DELIVERY_DRIVER"
    ],
    "businessDomain": "RETAIL_BE",
    "walkRouteSequenceNumber": 4148,
    "isAvailable": true,
    "inPromo": false,
    "topCategoryName": "Boissons",
    "topCategoryId": "354",
    "categories": [
      {
        "name": "Boissons",
        "id": "354",
        "children": [
          {
            "name": "Bi\u00e8res",
            "id": "389",
            "children": [
              {
                "name": "Pils",
                "id": "1551",
                "children": [
                  {
                    "name": "Pils en bouteille",
                    "id": "1552"
                  }
                ]
              }
            ]
          }
        ]
      }
    ],
    "IsPrivateLabel": false,
    "amount": {
      "source": "1.0",
      "parsedValue": 1
    },
    "IsBiffe": false,
    "foodPairing": [
      "P\u00e2tes & pizza",
      "Barbecue",
      "Veggie",
      "Salade",
      "Ap\u00e9ritif",
      "Poisson",
      "Fromages doux",
      "Crustac\u00e9s"
    ],
    "IsWeightArticle": false,
    "WeightconversionFactor": "0",
    "nutriscoreLabel": "B",
    "IsBio": false,
    "CountryOfOrigin": "FRANCE",
    "IsExclusivelySoldInLuxembourg": false,
    "OrderUnit": "P",
    "AlcoholDisclaimermsg": false,
    "ShortName": "CARL 0.0% PILS 4X25CL",
    "IsNew": false,
    "amountUnit": "kg",
    "CountryOfOriginISO": "FR",
    "EcoscoreLabel": "C",
    "ShowAlcoholLegalMsg": false,
    "LongName": "CARLSBERG 0,0% pils 4x25cl",
    "RecentQuanityOfStockUnits": "6,1",
    "AlcoholVolume": "0",
    "FicCode": "E",
    "DepositValue": [
      0.4
    ],
    "EcoscoreValue": "54"
  },
  {
    "technicalArticleNumber": "4865009",
    "commercialArticleNumber": "38763",
    "gtin": [
      "05412896001538",
      "05412896000098"
    ],
    "productId": "1248324",
    "name": "Edition limit\u00e9e 2025",
    "brand": "HOMMELBIER",
    "seoBrand": "Hommelbier",
    "thumbNail": "https://static.colruytgroup.com/images/200x200/std.lang.all/06/78/asset-3760678.jpg",
    "fullImage": "https://static.colruytgroup.com/images/500x500/std.lang.all/06/78/asset-3760678.jpg",
    "squareImage": "https://static.colruytgroup.com/images/500x500sq/std.lang.all/06/78/asset-3760678.jpg",
    "content": "75cl",
    "price": {
      "basicPrice": 4.63,
      "recommendedQuantity": "1.0",
      "measurementUnitPrice": 6.18,
      "measurementUnit": "L",
      "isRedPrice": false,
      "pricePerUOM": 6.18,
      "activationDate": "26-03-2025",
      "isPromoActive": "N",
      "priceChangeCode": "H",
      "priceReason": "FALLBACK"
    },
    "isPriceAvailable": true,
    "channelAvailability": [
      "8_BE_STORE",
      "8_BE_COLLECT_NEXT_DAY",
      "8_BE_HOME_DELIVERY_DRIVER"
    ],
    "businessDomain": "RETAIL_BE",
    "walkRouteSequenceNumber": 3856,
    "isAvailable": true,
    "inPromo": false,
    "topCategoryName": "Boissons",
    "topCategoryId": "354",
    "categories": [
      {
        "name": "Boissons",
        "id": "354",
        "children": [
          {
            "name": "Bi\u00e8res",
            "id": "389",
            "children": [
              {
                "name": "Blonde, blonde forte et triple b",
                "id": "394"
              }
            ]
          }
        ]
      }
    ],
    "IsPrivateLabel": false,
    "amount": 0.75,
    "IsBiffe": false,
    "foodPairing": [
      "Volaille",
      "Veggie",
      "Salade",
      "Ap\u00e9ritif",
      "Fromages doux",
      "Crustac\u00e9s",
      "Poisson"
    ],
    "IsWeightArticle": false,
    "WeightconversionFactor": "0",
    "IsBio": false,
    "CountryOfOrigin": "BELGIQUE",
    "IsExclusivelySoldInLuxembourg": false,
    "OrderUnit": "P",
    "AlcoholDisclaimermsg": true,
    "ShortName": "HOMM LIM.ED.2025 75CL",
    "IsNew": false,
    "amountUnit": "kg",
    "CountryOfOriginISO": "BE",
    "EcoscoreLabel": "D",
    "ShowAlcoholLegalMsg": true,
    "LongName": "HOMMELBIER Edition limit\u00e9e 2025 75cl",
    "RecentQuanityOfStockUnits": "1",
    "AlcoholVolume": "7.5",
    "FicCode": "E",
    "EcoscoreValue": "37"
  },
  {
    "technicalArticleNumber": "3834793",
    "commercialArticleNumber": "40498",
    "gtin": [
      "05410228238263",
      "05410228231318"
    ],
    "productId": "384868",
    "name": "0,0% pils",
    "description": "*Pils\n*0 % vol",
    "brand": "JUPILER",
    "seoBrand": "Jupiler 0.0%",
    "thumbNail": "https://static.colruytgroup.com/images/200x200/std.lang.all/04/54/asset-3810454.jpg",
    "fullImage": "https://static.colruytgroup.com/images/500x500/std.lang.all/04/54/asset-3810454.jpg",
    "squareImage": "https://static.colruytgroup.com/images/500x500sq/std.lang.all/04/54/asset-3810454.jpg",
    "content": "6x25cl",
    "price": {
      "basicPrice": 4.74,
      "recommendedQuantity": "1.0",
      "measurementUnitPrice": 3.16,
      "measurementUnit": "L",
      "isRedPrice": false,
      "pricePerUOM": 3.16,
      "activationDate": "05-06-2025",
      "recordSource": "Online",
      "isPromoActive": "Y",
      "priceChangeCode": "E",
      "priceReason": "Reaction"
    },
    "isPriceAvailable": true,
    "channelAvailability": [
      "3_BE_STORE",
      "8_BE_STORE",
      "8_LU_STORE",
      "8_BE_COLLECT_NEXT_DAY",
      "8_BE_HOME_DELIVERY",
      "8_BE_HOME_DELIVERY_DRIVER"
    ],
    "businessDomain": "RETAIL_BE",
    "walkRouteSequenceNumber": 4142,
    "isAvailable": true,
    "inPromo": true,
    "promotion": [
      {
        "techPromoId": "101270COLR",
        "promotionId": "101270",
        "promotionType": "3",
        "isPersonalized": "N",
        "publicationStartDate": "04-06-2025",
        "publicationEndDate": "17-06-2025",
        "topPromo": false
      }
    ],
    "topCategoryName": "Boissons",
    "topCategoryId": "354",
    "categories": [
      {
        "name": "Boissons",
        "id": "354",
        "children": [
          {
            "name": "Bi\u00e8res",
            "id": "389",
            "children": [
              {
                "name": "Bi\u00e8res sans alcool",
                "id": "398"
              }
            ]
          }
        ]
      }
    ],
    "IsPrivateLabel": false,
    "amount": 1.5,
    "IsBiffe": false,
    "foodPairing": [
      "Ap\u00e9ritif",
      "Poisson",
      "Fromages doux",
      "Crustac\u00e9s",
      "Barbecue",
      "Salade",
      "Veggie",
      "P\u00e2tes & pizza"
    ],
    "IsWeightArticle": false,
    "WeightconversionFactor": "0",
    "nutriscoreLabel": "C",
    "IsBio": false,
    "CountryOfOrigin": "BELGIQUE",
    "IsExclusivelySoldInLuxembourg": false,
    "OrderUnit": "P",
    "AlcoholDisclaimermsg": false,
    "InSeason": true,
    "ShortName": "JUPI 0.0% 6X25CL",
    "IsNew": false,
    "amountUnit": "kg",
    "CountryOfOriginISO": "BE",
    "ShowAlcoholLegalMsg": false,
    "LongName": "JUPILER 0,0% pils 6x25cl",
    "RecentQuanityOfStockUnits": "4,1",
    "AlcoholVolume": "0",
    "StartSeasonDate": "17/12/2024",
    "FicCode": "E",
    "DepositValue": [
      0.6
    ]
  },
  {
    "technicalArticleNumber": "4251294",
    "commercialArticleNumber": "19655",
    "gtin": [
      "05410583804967",
      "05410583804974",
      "05410583803151",
      "05410583803168"
    ],
    "productId": "592781",
    "name": "Fruitage 3,4%",
    "description": "*Bi\u00e8re fruit\u00e9e\n*Rouge\n*3,4 % vol",
    "brand": "RODENBACH",
    "seoBrand": "Rodenbach",
    "thumbNail": "https://static.colruytgroup.com/images/200x200/std.lang.all/76/99/asset-3837699.jpg",
    "fullImage": "https://static.colruytgroup.com/images/500x500/std.lang.all/76/99/asset-3837699.jpg",
    "squareImage": "https://static.colruytgroup.com/images/500x500sq/std.lang.all/76/99/asset-3837699.jpg",
    "content": "4x25cl",
    "price": {
      "basicPrice": 4.92,
      "recommendedQuantity": "1.0",
      "measurementUnitPrice": 4.92,
      "measurementUnit": "L",
      "isRedPrice": false,
      "pricePerUOM": 4.92,
      "activationDate": "04-06-2025",
      "recordSource": "Online",
      "isPromoActive": "N",
      "priceChangeCode": "H",
      "priceReason": "Reaction"
    },
    "isPriceAvailable": true,
    "channelAvailability": [
      "8_BE_STORE",
      "8_BE_COLLECT_NEXT_DAY",
      "8_BE_HOME_DELIVERY",
      "8_BE_HOME_DELIVERY_DRIVER"
    ],
    "businessDomain": "RETAIL_BE",
    "walkRouteSequenceNumber": 3906,
    "isAvailable": true,
    "inPromo": false,
    "topCategoryName": "Boissons",
    "topCategoryId": "354",
    "categories": [
      {
        "name": "Boissons",
        "id": "354",
        "children": [
          {
            "name": "Bi\u00e8res",
            "id": "389",
            "children": [
              {
                "name": "Bi\u00e8re blanche, bi\u00e8re aux fruits et bi",
                "id": "395"
              }
            ]
          }
        ]
      }
    ],
    "foodPairing": [
      "Fromages doux",
      "Desserts",
      "Ap\u00e9ritif"
    ],
    "CountryOfOrigin": "BELGIQUE",
    "IsExclusivelySoldInLuxembourg": false,
    "OrderUnit": "P",
    "AlcoholDisclaimermsg": true,
    "InSeason": true,
    "ShortName": "RODE FRUITAGE 4X25CL",
    "IsNew": false,
    "ShowAlcoholLegalMsg": true,
    "RecentQuanityOfStockUnits": "1,1",
    "FicCode": "E",
    "IsPrivateLabel": false,
    "amount": {
      "source": "1.0",
      "parsedValue": 1
    },
    "IsBiffe": false,
    "IsWeightArticle": false,
    "WeightconversionFactor": "0",
    "IsBio": false,
    "amountUnit": "kg",
    "CountryOfOriginISO": "BE",
    "EcoscoreLabel": "D",
    "LongName": "RODENBACH Fruitage 3,4% 4x25cl",
    "AlcoholVolume": "3.4",
    "StartSeasonDate": "18/02/2025",
    "DepositValue": [
      0.4
    ],
    "EcoscoreValue": "37"
  },
  {
    "technicalArticleNumber": "3950334",
    "commercialArticleNumber": "1856",
    "gtin": [
      "05410693100553",
      "05410693100591"
    ],
    "productId": "457763",
    "name": "bi\u00e8re blonde 8,4%",
    "description": "*8,4\u00a0% vol\n*3 c\u00e9r\u00e9ales",
    "brand": "TRIPEL KARMELIET",
    "seoBrand": "Tripel Karmeliet",
    "thumbNail": "https://static.colruytgroup.com/images/200x200/std.lang.all/56/37/asset-3205637.jpg",
    "fullImage": "https://static.colruytgroup.com/images/500x500/std.lang.all/56/37/asset-3205637.jpg",
    "squareImage": "https://static.colruytgroup.com/images/500x500sq/std.lang.all/56/37/asset-3205637.jpg",
    "content": "75cl",
    "price": {
      "basicPrice": 4.99,
      "recommendedQuantity": "1.0",
      "measurementUnitPrice": 6.66,
      "measurementUnit": "L",
      "isRedPrice": false,
      "pricePerUOM": 6.66,
      "activationDate": "31-05-2025",
      "recordSource": "Offline",
      "isPromoActive": "N",
      "priceChangeCode": "H",
      "priceReason": "Reaction"
    },
    "isPriceAvailable": true,
    "channelAvailability": [
      "8_BE_STORE",
      "8_LU_STORE",
      "8_BE_COLLECT_NEXT_DAY",
      "8_BE_HOME_DELIVERY",
      "8_BE_HOME_DELIVERY_DRIVER"
    ],
    "businessDomain": "RETAIL_BE",
    "walkRouteSequenceNumber": 3810,
    "isAvailable": true,
    "inPromo": false,
    "topCategoryName": "Boissons",
    "topCategoryId": "354",
    "categories": [
      {
        "name": "Boissons",
        "id": "354",
        "children": [
          {
            "name": "Bi\u00e8res",
            "id": "389",
            "children": [
              {
                "name": "Bi\u00e8res 75cl, Emballages Cadeaux",
                "id": "1066"
              }
            ]
          }
        ]
      }
    ],
    "IsPrivateLabel": false,
    "amount": 0.75,
    "IsBiffe": false,
    "foodPairing": [
      "Desserts",
      "Crustac\u00e9s",
      "Volaille",
      "Viande rouge",
      "Viande blanche",
      "Poisson",
      "Gibier",
      "Fromages forts"
    ],
    "IsWeightArticle": false,
    "WeightconversionFactor": "0",
    "IsBio": false,
    "CountryOfOrigin": "BELGIQUE",
    "IsExclusivelySoldInLuxembourg": false,
    "OrderUnit": "P",
    "AlcoholDisclaimermsg": true,
    "InSeason": true,
    "ShortName": "KARM TRIPLE 8.4% 75CL",
    "IsNew": false,
    "amountUnit": "kg",
    "CountryOfOriginISO": "BE",
    "ShowAlcoholLegalMsg": true,
    "LongName": "TRIPEL KARMELIET bi\u00e8re blonde 8,4% 75cl",
    "RecentQuanityOfStockUnits": "1,6",
    "AlcoholVolume": "8.4",
    "StartSeasonDate": "17/02/2025",
    "FicCode": "E"
  },
  {
    "technicalArticleNumber": "4193012",
    "commercialArticleNumber": "15214",
    "gtin": [
      "05411681402673",
      "05411681402635",
      "05411681407487"
    ],
    "productId": "557795",
    "name": "Bi\u00e8re blonde 8,5%",
    "description": "*Bi\u00e8re blonde forte\n*8,5% vol",
    "brand": "DUVEL",
    "seoBrand": "Duvel",
    "thumbNail": "https://static.colruytgroup.com/images/200x200/std.lang.all/28/54/asset-2702854.jpg",
    "fullImage": "https://static.colruytgroup.com/images/500x500/std.lang.all/28/54/asset-2702854.jpg",
    "squareImage": "https://static.colruytgroup.com/images/500x500sq/std.lang.all/28/54/asset-2702854.jpg",
    "content": "75cl",
    "price": {
      "basicPrice": 4.99,
      "recommendedQuantity": "1.0",
      "measurementUnitPrice": 6.66,
      "measurementUnit": "L",
      "isRedPrice": false,
      "pricePerUOM": 6.66,
      "activationDate": "19-04-2025",
      "recordSource": "Offline",
      "isPromoActive": "N",
      "priceChangeCode": "E",
      "priceReason": "Reaction"
    },
    "isPriceAvailable": true,
    "channelAvailability": [
      "8_BE_STORE",
      "8_LU_STORE",
      "8_BE_COLLECT_NEXT_DAY",
      "8_BE_HOME_DELIVERY",
      "8_BE_HOME_DELIVERY_DRIVER"
    ],
    "businessDomain": "RETAIL_BE",
    "walkRouteSequenceNumber": 3809,
    "isAvailable": true,
    "inPromo": false,
    "topCategoryName": "Boissons",
    "topCategoryId": "354",
    "categories": [
      {
        "name": "Boissons",
        "id": "354",
        "children": [
          {
            "name": "Bi\u00e8res",
            "id": "389",
            "children": [
              {
                "name": "Bi\u00e8res 75cl, Emballages Cadeaux",
                "id": "1066"
              }
            ]
          }
        ]
      }
    ],
    "IsPrivateLabel": false,
    "amount": 0.75,
    "IsBiffe": false,
    "foodPairing": [
      "Desserts",
      "Poisson",
      "Gibier",
      "Fromages forts",
      "Volaille",
      "Crustac\u00e9s",
      "Viande rouge"
    ],
    "IsWeightArticle": false,
    "WeightconversionFactor": "0",
    "IsBio": false,
    "CountryOfOrigin": "BELGIQUE",
    "IsExclusivelySoldInLuxembourg": false,
    "OrderUnit": "P",
    "AlcoholDisclaimermsg": true,
    "InSeason": true,
    "ShortName": "DUVE 8.5% 75CL",
    "IsNew": false,
    "amountUnit": "kg",
    "CountryOfOriginISO": "BE",
    "EcoscoreLabel": "B",
    "ShowAlcoholLegalMsg": true,
    "LongName": "DUVEL Bi\u00e8re blonde 8,5% 75cl",
    "RecentQuanityOfStockUnits": "1,6",
    "AlcoholVolume": "8.5",
    "StartSeasonDate": "02/04/2020",
    "FicCode": "E",
    "EcoscoreValue": "72"
  },
  {
    "technicalArticleNumber": "4824753",
    "commercialArticleNumber": "9776",
    "gtin": [
      "05410783008462",
      "05410783008417",
      "05410783010892",
      "05410783008424"
    ],
    "productId": "1154188",
    "name": "Oaked Alcohol-Free 0,3%",
    "description": "l",
    "brand": "CORNET",
    "seoBrand": "Cornet",
    "thumbNail": "https://static.colruytgroup.com/images/200x200/std.lang.all/54/31/asset-3615431.jpg",
    "fullImage": "https://static.colruytgroup.com/images/500x500/std.lang.all/54/31/asset-3615431.jpg",
    "squareImage": "https://static.colruytgroup.com/images/500x500sq/std.lang.all/54/31/asset-3615431.jpg",
    "content": "4x33cl",
    "price": {
      "basicPrice": 4.99,
      "recommendedQuantity": "1.0",
      "measurementUnitPrice": 3.79,
      "measurementUnit": "L",
      "isRedPrice": false,
      "pricePerUOM": 3.79,
      "activationDate": "07-05-2025",
      "recordSource": "Offline",
      "isPromoActive": "N",
      "priceChangeCode": "E",
      "priceReason": "Reaction"
    },
    "isPriceAvailable": true,
    "channelAvailability": [
      "3_BE_STORE",
      "8_BE_STORE",
      "8_LU_STORE",
      "8_BE_COLLECT_NEXT_DAY",
      "8_BE_HOME_DELIVERY",
      "8_BE_HOME_DELIVERY_DRIVER"
    ],
    "businessDomain": "RETAIL_BE",
    "walkRouteSequenceNumber": 4132,
    "isAvailable": true,
    "inPromo": false,
    "topCategoryName": "Boissons",
    "topCategoryId": "354",
    "categories": [
      {
        "name": "Boissons",
        "id": "354",
        "children": [
          {
            "name": "Bi\u00e8res",
            "id": "389",
            "children": [
              {
                "name": "Bi\u00e8res sans alcool",
                "id": "398"
              }
            ]
          }
        ]
      }
    ],
    "IsPrivateLabel": false,
    "amount": 1.32,
    "IsBiffe": false,
    "foodPairing": [
      "P\u00e2tes & pizza",
      "Desserts",
      "Crustac\u00e9s",
      "Barbecue",
      "Volaille",
      "Viande rouge",
      "Viande blanche",
      "Veggie",
      "Salade",
      "Fromages forts",
      "Gibier",
      "Poisson",
      "Ap\u00e9ritif",
      "Fromages doux"
    ],
    "IsWeightArticle": false,
    "WeightconversionFactor": "0",
    "nutriscoreLabel": "C",
    "IsBio": false,
    "CountryOfOrigin": "BELGIQUE",
    "IsExclusivelySoldInLuxembourg": false,
    "OrderUnit": "P",
    "AlcoholDisclaimermsg": false,
    "ShortName": "CORN ALCOHOL-FREE4X33CL",
    "IsNew": false,
    "amountUnit": "kg",
    "CountryOfOriginISO": "BE",
    "EcoscoreLabel": "D",
    "ShowAlcoholLegalMsg": false,
    "LongName": "CORNET Oaked Alcohol-Free 0,3% 4x33cl",
    "RecentQuanityOfStockUnits": "1,6",
    "AlcoholVolume": "0.3",
    "FicCode": "E",
    "DepositValue": [
      0.4
    ],
    "EcoscoreValue": "37"
  },
  {
    "technicalArticleNumber": "2401691",
    "commercialArticleNumber": "16174",
    "gtin": [
      "85411551100605",
      "05411551210513"
    ],
    "productId": "51493",
    "name": "Triple 7,0%",
    "description": "*Bi\u00e8re sp\u00e9ciale\n*7,0 % vol",
    "brand": "CUV\u00c9E DES TROLLS",
    "seoBrand": "Cuv\u00e9e Des Trolls",
    "thumbNail": "https://static.colruytgroup.com/images/200x200/std.lang.all/85/67/asset-3328567.jpg",
    "fullImage": "https://static.colruytgroup.com/images/500x500/std.lang.all/85/67/asset-3328567.jpg",
    "squareImage": "https://static.colruytgroup.com/images/500x500sq/std.lang.all/85/67/asset-3328567.jpg",
    "content": "75cl",
    "price": {
      "basicPrice": 5.09,
      "recommendedQuantity": "1.0",
      "quantityPrice": 4.89,
      "quantityPriceQuantity": "6.0",
      "measurementUnitPrice": 6.79,
      "measurementUnitQuantityPrice": 6.52,
      "measurementUnit": "L",
      "isRedPrice": false,
      "pricePerUOM": 6.79,
      "activationDate": "30-05-2025",
      "isPromoActive": "N",
      "priceChangeCode": "H",
      "quantityPricePerUOM": 6.52,
      "quantityActivationDate": "30-05-2025",
      "quantityPriceChangeCode": "H",
      "priceReason": "Market"
    },
    "isPriceAvailable": true,
    "channelAvailability": [
      "8_BE_STORE",
      "8_LU_STORE",
      "8_BE_COLLECT_NEXT_DAY",
      "8_BE_HOME_DELIVERY_DRIVER"
    ],
    "businessDomain": "RETAIL_BE",
    "walkRouteSequenceNumber": 3859,
    "isAvailable": true,
    "inPromo": false,
    "topCategoryName": "Boissons",
    "topCategoryId": "354",
    "categories": [
      {
        "name": "Boissons",
        "id": "354",
        "children": [
          {
            "name": "Bi\u00e8res",
            "id": "389",
            "children": [
              {
                "name": "Bi\u00e8res 75cl, Emballages Cadeaux",
                "id": "1066"
              }
            ]
          }
        ]
      }
    ],
    "IsPrivateLabel": false,
    "amount": 0.75,
    "IsBiffe": false,
    "foodPairing": [
      "Crustac\u00e9s",
      "Desserts",
      "Gibier",
      "Fromages forts",
      "Volaille",
      "Viande rouge",
      "Viande blanche",
      "Poisson"
    ],
    "IsWeightArticle": false,
    "WeightconversionFactor": "0",
    "IsBio": false,
    "CountryOfOrigin": "BELGIQUE",
    "IsExclusivelySoldInLuxembourg": false,
    "OrderUnit": "P",
    "AlcoholDisclaimermsg": true,
    "InSeason": true,
    "ShortName": "CUTR TRIPLE 7% 75CL",
    "IsNew": false,
    "amountUnit": "kg",
    "CountryOfOriginISO": "BE",
    "EcoscoreLabel": "D",
    "ShowAlcoholLegalMsg": true,
    "LongName": "CUV\u00c9E DES TROLLS Triple 7,0% 75cl",
    "RecentQuanityOfStockUnits": "1,6",
    "AlcoholVolume": "7",
    "StartSeasonDate": "01/02/2012",
    "FicCode": "E",
    "EcoscoreValue": "37"
  },
  {
    "technicalArticleNumber": "4699703",
    "commercialArticleNumber": "30977",
    "gtin": [
      "35412138107555",
      "05412138107554"
    ],
    "productId": "851611",
    "name": "blonde 7,5%",
    "description": "*Bi\u00e8re d'abbaye\n*Blonde\n*7,5% vol",
    "brand": "ST FEUILLIEN",
    "seoBrand": "St Feuillien",
    "thumbNail": "https://static.colruytgroup.com/images/200x200/std.lang.all/12/50/asset-3261250.jpg",
    "fullImage": "https://static.colruytgroup.com/images/500x500/std.lang.all/12/50/asset-3261250.jpg",
    "squareImage": "https://static.colruytgroup.com/images/500x500sq/std.lang.all/12/50/asset-3261250.jpg",
    "content": "75cl",
    "price": {
      "basicPrice": 5.09,
      "recommendedQuantity": "1.0",
      "quantityPrice": 4.89,
      "quantityPriceQuantity": "6.0",
      "measurementUnitPrice": 6.79,
      "measurementUnitQuantityPrice": 6.52,
      "measurementUnit": "L",
      "isRedPrice": false,
      "pricePerUOM": 6.79,
      "activationDate": "19-04-2025",
      "recordSource": "Offline",
      "isPromoActive": "N",
      "priceChangeCode": "H",
      "quantityPricePerUOM": 6.52,
      "quantityActivationDate": "19-04-2025",
      "quantityPriceChangeCode": "H",
      "priceReason": "Reaction"
    },
    "isPriceAvailable": true,
    "channelAvailability": [
      "8_BE_STORE",
      "8_BE_COLLECT_NEXT_DAY",
      "8_BE_HOME_DELIVERY_DRIVER"
    ],
    "businessDomain": "RETAIL_BE",
    "walkRouteSequenceNumber": 3817,
    "isAvailable": true,
    "inPromo": false,
    "topCategoryName": "Boissons",
    "topCategoryId": "354",
    "categories": [
      {
        "name": "Boissons",
        "id": "354",
        "children": [
          {
            "name": "Bi\u00e8res",
            "id": "389",
            "children": [
              {
                "name": "Bi\u00e8res 75cl, Emballages Cadeaux",
                "id": "1066"
              }
            ]
          }
        ]
      }
    ],
    "IsPrivateLabel": false,
    "amount": 0.75,
    "IsBiffe": false,
    "WeightconversionFactor": "0",
    "IsWeightArticle": false,
    "IsBio": false,
    "CountryOfOrigin": "BELGIQUE",
    "IsExclusivelySoldInLuxembourg": false,
    "OrderUnit": "P",
    "ShortName": "STFE BLOND 7.5% 75CL",
    "AlcoholDisclaimermsg": true,
    "IsNew": false,
    "amountUnit": "kg",
    "CountryOfOriginISO": "BE",
    "EcoscoreLabel": "D",
    "ShowAlcoholLegalMsg": true,
    "LongName": "ST FEUILLIEN blonde 7,5% 75cl",
    "RecentQuanityOfStockUnits": "6,1",
    "AlcoholVolume": "7.5",
    "FicCode": "E",
    "EcoscoreValue": "37"
  },
  {
    "technicalArticleNumber": "4364725",
    "commercialArticleNumber": "24116",
    "gtin": [
      "05410228277187",
      "05410228277095",
      "05400111111117"
    ],
    "productId": "660409",
    "name": "0,0% pils",
    "description": "*Pils\n*0 % vol",
    "brand": "STELLA ARTOIS",
    "seoBrand": "Stella Artois",
    "thumbNail": "https://static.colruytgroup.com/images/200x200/std.lang.all/59/68/asset-3435968.jpg",
    "fullImage": "https://static.colruytgroup.com/images/500x500/std.lang.all/59/68/asset-3435968.jpg",
    "squareImage": "https://static.colruytgroup.com/images/500x500sq/std.lang.all/59/68/asset-3435968.jpg",
    "content": "6x25cl",
    "price": {
      "basicPrice": 5.1,
      "recommendedQuantity": "1.0",
      "measurementUnitPrice": 3.4,
      "measurementUnit": "L",
      "isRedPrice": false,
      "pricePerUOM": 3.4,
      "activationDate": "04-06-2025",
      "recordSource": "Online",
      "isPromoActive": "N",
      "priceChangeCode": "E",
      "priceReason": "Reaction"
    },
    "isPriceAvailable": true,
    "channelAvailability": [
      "8_BE_STORE",
      "8_BE_COLLECT_NEXT_DAY",
      "8_BE_HOME_DELIVERY",
      "8_BE_HOME_DELIVERY_DRIVER"
    ],
    "businessDomain": "RETAIL_BE",
    "walkRouteSequenceNumber": 4117,
    "isAvailable": true,
    "inPromo": true,
    "promotion": [
      {
        "techPromoId": "101270COLR",
        "promotionId": "101270",
        "promotionType": "3",
        "isPersonalized": "N",
        "publicationStartDate": "04-06-2025",
        "publicationEndDate": "17-06-2025",
        "topPromo": false
      }
    ],
    "topCategoryName": "Boissons",
    "topCategoryId": "354",
    "categories": [
      {
        "name": "Boissons",
        "id": "354",
        "children": [
          {
            "name": "Bi\u00e8res",
            "id": "389",
            "children": [
              {
                "name": "Bi\u00e8res sans alcool",
                "id": "398"
              }
            ]
          }
        ]
      }
    ],
    "IsPrivateLabel": false,
    "amount": 1.5,
    "IsBiffe": false,
    "foodPairing": [
      "Veggie",
      "Barbecue",
      "Crustac\u00e9s",
      "Fromages doux",
      "Volaille",
      "Viande blanche",
      "Ap\u00e9ritif",
      "Salade",
      "Poisson"
    ],
    "IsWeightArticle": false,
    "WeightconversionFactor": "0",
    "IsBio": false,
    "CountryOfOrigin": "BELGIQUE",
    "IsExclusivelySoldInLuxembourg": false,
    "OrderUnit": "P",
    "AlcoholDisclaimermsg": false,
    "ShortName": "STEL 0% PILS 6X25CL",
    "IsNew": false,
    "amountUnit": "kg",
    "CountryOfOriginISO": "BE",
    "ShowAlcoholLegalMsg": false,
    "LongName": "STELLA ARTOIS 0,0% pils 6x25cl",
    "RecentQuanityOfStockUnits": "1,4",
    "AlcoholVolume": "0",
    "FicCode": "E",
    "DepositValue": [
      0.6
    ]
  },
  {
    "technicalArticleNumber": "3946334",
    "commercialArticleNumber": "1692",
    "gtin": [
      "05412343001319",
      "05412343001227"
    ],
    "productId": "422124",
    "name": "Triple 9.5%",
    "description": "*Bi\u00e8re trappiste\n*9,5 % vol\n*Referment. en bout.",
    "brand": "WESTMALLE",
    "seoBrand": "Westmalle",
    "thumbNail": "https://static.colruytgroup.com/images/200x200/std.lang.all/16/02/asset-2471602.jpg",
    "fullImage": "https://static.colruytgroup.com/images/500x500/std.lang.all/16/02/asset-2471602.jpg",
    "squareImage": "https://static.colruytgroup.com/images/500x500sq/std.lang.all/16/02/asset-2471602.jpg",
    "content": "75cl",
    "price": {
      "basicPrice": 5.29,
      "recommendedQuantity": "1.0",
      "measurementUnitPrice": 7.06,
      "measurementUnit": "L",
      "isRedPrice": false,
      "pricePerUOM": 7.06,
      "activationDate": "18-06-2024",
      "recordSource": "Offline",
      "isPromoActive": "N",
      "priceChangeCode": "H",
      "priceReason": "Reaction"
    },
    "isPriceAvailable": true,
    "channelAvailability": [
      "8_BE_STORE",
      "8_BE_COLLECT_NEXT_DAY",
      "8_BE_HOME_DELIVERY",
      "8_BE_HOME_DELIVERY_DRIVER"
    ],
    "businessDomain": "RETAIL_BE",
    "walkRouteSequenceNumber": 3818,
    "isAvailable": true,
    "inPromo": false,
    "topCategoryName": "Boissons",
    "topCategoryId": "354",
    "categories": [
      {
        "name": "Boissons",
        "id": "354",
        "children": [
          {
            "name": "Bi\u00e8res",
            "id": "389",
            "children": [
              {
                "name": "Bi\u00e8res 75cl, Emballages Cadeaux",
                "id": "1066"
              }
            ]
          }
        ]
      }
    ],
    "IsPrivateLabel": false,
    "amount": 0.75,
    "IsBiffe": false,
    "foodPairing": [
      "Desserts",
      "Fromages forts",
      "Gibier",
      "Poisson",
      "Veggie",
      "Viande blanche",
      "Viande rouge",
      "Crustac\u00e9s",
      "Volaille"
    ],
    "IsWeightArticle": false,
    "WeightconversionFactor": "0",
    "IsBio": false,
    "CountryOfOrigin": "BELGIQUE",
    "IsExclusivelySoldInLuxembourg": false,
    "OrderUnit": "P",
    "AlcoholDisclaimermsg": true,
    "ShortName": "WEST TRIPLE 9.5% 75CL",
    "IsNew": false,
    "amountUnit": "kg",
    "CountryOfOriginISO": "BE",
    "EcoscoreLabel": "B",
    "ShowAlcoholLegalMsg": true,
    "LongName": "WESTMALLE Triple 9.5% 75cl",
    "RecentQuanityOfStockUnits": "1,6",
    "AlcoholVolume": "9.5",
    "FicCode": "E",
    "EcoscoreValue": "70"
  },
  {
    "technicalArticleNumber": "3939145",
    "commercialArticleNumber": "1346",
    "gtin": [
      "05411858011967",
      "05411858000152"
    ],
    "productId": "389481",
    "name": "Blonde 8%",
    "description": "*8% vol\n*Bi\u00e8re blonde forte\n*Referment. en bout.",
    "brand": "OMER",
    "seoBrand": "Omer",
    "thumbNail": "https://static.colruytgroup.com/images/200x200/std.lang.all/11/99/asset-2621199.jpg",
    "fullImage": "https://static.colruytgroup.com/images/500x500/std.lang.all/11/99/asset-2621199.jpg",
    "squareImage": "https://static.colruytgroup.com/images/500x500sq/std.lang.all/11/99/asset-2621199.jpg",
    "content": "75cl",
    "price": {
      "basicPrice": 5.4,
      "recommendedQuantity": "1.0",
      "measurementUnitPrice": 7.2,
      "measurementUnit": "L",
      "isRedPrice": false,
      "pricePerUOM": 7.2,
      "activationDate": "19-05-2025",
      "recordSource": "Online",
      "isPromoActive": "N",
      "priceChangeCode": "E",
      "priceReason": "Reaction"
    },
    "isPriceAvailable": true,
    "channelAvailability": [
      "8_BE_STORE",
      "8_LU_STORE",
      "8_BE_COLLECT_NEXT_DAY",
      "8_BE_HOME_DELIVERY",
      "8_BE_HOME_DELIVERY_DRIVER"
    ],
    "businessDomain": "RETAIL_BE",
    "walkRouteSequenceNumber": 3860,
    "isAvailable": true,
    "inPromo": false,
    "topCategoryName": "Boissons",
    "topCategoryId": "354",
    "categories": [
      {
        "name": "Boissons",
        "id": "354",
        "children": [
          {
            "name": "Bi\u00e8res",
            "id": "389",
            "children": [
              {
                "name": "Bi\u00e8res 75cl, Emballages Cadeaux",
                "id": "1066"
              }
            ]
          }
        ]
      }
    ],
    "IsPrivateLabel": false,
    "amount": 0.75,
    "IsBiffe": false,
    "foodPairing": [
      "Viande blanche",
      "Poisson",
      "Gibier",
      "Viande rouge",
      "Volaille",
      "Fromages forts",
      "Desserts",
      "Crustac\u00e9s"
    ],
    "IsWeightArticle": false,
    "WeightconversionFactor": "0",
    "IsBio": false,
    "CountryOfOrigin": "BELGIQUE",
    "IsExclusivelySoldInLuxembourg": false,
    "OrderUnit": "P",
    "AlcoholDisclaimermsg": true,
    "ShortName": "OMER BLONDE 8% 75CL",
    "IsNew": false,
    "amountUnit": "kg",
    "CountryOfOriginISO": "BE",
    "EcoscoreLabel": "B",
    "ShowAlcoholLegalMsg": true,
    "LongName": "OMER Blonde 8% 75cl",
    "RecentQuanityOfStockUnits": "1,6",
    "AlcoholVolume": "8",
    "FicCode": "E",
    "EcoscoreValue": "72"
  },
  {
    "technicalArticleNumber": "4699653",
    "commercialArticleNumber": "30968",
    "gtin": [
      "05400141433210",
      "05410263926286",
      "05410263925098"
    ],
    "productId": "851581",
    "name": "0,0%",
    "description": "*Pils belge\n*Sans alcool\n*Houblonn\u00e9e\n*EBU 18\n*0,0% VOL",
    "brand": "CRISTAL",
    "seoBrand": "Cristal",
    "thumbNail": "https://static.colruytgroup.com/images/200x200/std.lang.all/22/56/asset-3802256.jpg",
    "fullImage": "https://static.colruytgroup.com/images/500x500/std.lang.all/22/56/asset-3802256.jpg",
    "squareImage": "https://static.colruytgroup.com/images/500x500sq/std.lang.all/22/56/asset-3802256.jpg",
    "content": "6x25cl",
    "price": {
      "basicPrice": 5.49,
      "recommendedQuantity": "1.0",
      "measurementUnitPrice": 3.66,
      "measurementUnit": "L",
      "isRedPrice": false,
      "pricePerUOM": 3.66,
      "activationDate": "27-05-2025",
      "recordSource": "Offline",
      "isPromoActive": "N",
      "priceChangeCode": "H",
      "priceReason": "Reaction"
    },
    "isPriceAvailable": true,
    "channelAvailability": [
      "8_BE_STORE",
      "8_BE_COLLECT_NEXT_DAY",
      "8_BE_HOME_DELIVERY",
      "8_BE_HOME_DELIVERY_DRIVER"
    ],
    "businessDomain": "RETAIL_BE",
    "walkRouteSequenceNumber": 4119,
    "isAvailable": true,
    "inPromo": false,
    "topCategoryName": "Boissons",
    "topCategoryId": "354",
    "categories": [
      {
        "name": "Boissons",
        "id": "354",
        "children": [
          {
            "name": "Bi\u00e8res",
            "id": "389",
            "children": [
              {
                "name": "Bi\u00e8res sans alcool",
                "id": "398"
              }
            ]
          }
        ]
      }
    ],
    "IsPrivateLabel": false,
    "amount": 1.5,
    "IsBiffe": false,
    "foodPairing": [
      "P\u00e2tes & pizza",
      "Fromages doux",
      "Barbecue",
      "Ap\u00e9ritif",
      "Salade",
      "Veggie",
      "Viande blanche",
      "Volaille",
      "Viande rouge"
    ],
    "IsWeightArticle": false,
    "WeightconversionFactor": "0",
    "nutriscoreLabel": "C",
    "IsBio": false,
    "CountryOfOrigin": "BELGIQUE",
    "IsExclusivelySoldInLuxembourg": false,
    "OrderUnit": "P",
    "ShortName": "CRIS 0% 6X25CL",
    "IsNew": false,
    "amountUnit": "kg",
    "CountryOfOriginISO": "BE",
    "EcoscoreLabel": "D",
    "LongName": "CRISTAL 0,0% 6x25cl",
    "RecentQuanityOfStockUnits": "1",
    "FicCode": "E",
    "DepositValue": [
      0.6
    ],
    "EcoscoreValue": "37"
  },
  {
    "technicalArticleNumber": "4876060",
    "commercialArticleNumber": "38977",
    "gtin": [
      "05410263932607",
      "05400141753974"
    ],
    "productId": "1256029",
    "name": "Prestige blonde 8%",
    "description": "*Bi\u00e8re blonde\n*Haute fermentation\n*Bi\u00e8re belge\n*IBU 30, \u00e9pic\u00e9e\n*8,0% VOL",
    "brand": "GRIMBERGEN",
    "seoBrand": "Grimbergen",
    "thumbNail": "https://static.colruytgroup.com/images/200x200/std.lang.all/65/91/asset-3776591.jpg",
    "fullImage": "https://static.colruytgroup.com/images/500x500/std.lang.all/65/91/asset-3776591.jpg",
    "squareImage": "https://static.colruytgroup.com/images/500x500sq/std.lang.all/65/91/asset-3776591.jpg",
    "content": "4x33cl",
    "price": {
      "basicPrice": 5.49,
      "recommendedQuantity": "1.0",
      "measurementUnitPrice": 4.16,
      "measurementUnit": "L",
      "isRedPrice": false,
      "pricePerUOM": 4.16,
      "activationDate": "21-05-2025",
      "recordSource": "Offline",
      "isPromoActive": "N",
      "priceChangeCode": "E",
      "priceReason": "Reaction"
    },
    "isPriceAvailable": true,
    "channelAvailability": [
      "8_BE_STORE",
      "8_LU_STORE",
      "8_BE_COLLECT_NEXT_DAY",
      "8_BE_HOME_DELIVERY",
      "8_BE_HOME_DELIVERY_DRIVER"
    ],
    "businessDomain": "RETAIL_BE",
    "walkRouteSequenceNumber": 3833,
    "isAvailable": true,
    "inPromo": false,
    "topCategoryName": "Boissons",
    "topCategoryId": "354",
    "categories": [
      {
        "name": "Boissons",
        "id": "354",
        "children": [
          {
            "name": "Bi\u00e8res",
            "id": "389",
            "children": [
              {
                "name": "Bi\u00e8re d'Abbaye, Trappiste blonde & amb",
                "id": "391"
              }
            ]
          }
        ]
      }
    ],
    "IsPrivateLabel": false,
    "amount": 1.32,
    "IsBiffe": false,
    "foodPairing": [
      "P\u00e2tes & pizza",
      "Fromages doux",
      "Veggie",
      "Barbecue",
      "Ap\u00e9ritif",
      "Volaille",
      "Viande rouge",
      "Desserts"
    ],
    "IsWeightArticle": false,
    "WeightconversionFactor": "0",
    "IsBio": false,
    "CountryOfOrigin": "BELGIQUE",
    "IsExclusivelySoldInLuxembourg": false,
    "OrderUnit": "P",
    "AlcoholDisclaimermsg": true,
    "ShortName": "GRIM PRESTIGE 8% 4X33CL",
    "IsNew": false,
    "amountUnit": "kg",
    "CountryOfOriginISO": "BE",
    "EcoscoreLabel": "D",
    "ShowAlcoholLegalMsg": true,
    "LongName": "GRIMBERGEN Prestige blonde 8% 4x33cl",
    "RecentQuanityOfStockUnits": "1",
    "AlcoholVolume": "8",
    "FicCode": "I",
    "DepositValue": [
      0.4
    ],
    "EcoscoreValue": "37"
  },
  {
    "technicalArticleNumber": "3939090",
    "commercialArticleNumber": "1319",
    "gtin": [
      "05411858012025",
      "05411858100098"
    ],
    "productId": "421009",
    "name": "8,8%",
    "description": "*8,8% vol\n*Referment. en bout.",
    "brand": "TRIPEL LEFORT",
    "seoBrand": "Tripel Lefort",
    "thumbNail": "https://static.colruytgroup.com/images/200x200/std.lang.all/11/98/asset-2621198.jpg",
    "fullImage": "https://static.colruytgroup.com/images/500x500/std.lang.all/11/98/asset-2621198.jpg",
    "squareImage": "https://static.colruytgroup.com/images/500x500sq/std.lang.all/11/98/asset-2621198.jpg",
    "content": "75cl",
    "price": {
      "basicPrice": 5.57,
      "recommendedQuantity": "1.0",
      "measurementUnitPrice": 7.43,
      "measurementUnit": "L",
      "isRedPrice": false,
      "pricePerUOM": 7.43,
      "activationDate": "02-01-2025",
      "recordSource": "Online",
      "isPromoActive": "N",
      "priceChangeCode": "H",
      "priceReason": "Reaction"
    },
    "isPriceAvailable": true,
    "channelAvailability": [
      "8_BE_STORE",
      "8_LU_STORE",
      "8_BE_COLLECT_NEXT_DAY",
      "8_BE_HOME_DELIVERY",
      "8_BE_HOME_DELIVERY_DRIVER"
    ],
    "businessDomain": "RETAIL_BE",
    "walkRouteSequenceNumber": 3806,
    "isAvailable": true,
    "inPromo": false,
    "topCategoryName": "Boissons",
    "topCategoryId": "354",
    "categories": [
      {
        "name": "Boissons",
        "id": "354",
        "children": [
          {
            "name": "Bi\u00e8res",
            "id": "389",
            "children": [
              {
                "name": "Bi\u00e8res 75cl, Emballages Cadeaux",
                "id": "1066"
              }
            ]
          }
        ]
      }
    ],
    "IsPrivateLabel": false,
    "amount": 0.75,
    "IsBiffe": false,
    "foodPairing": [
      "Viande rouge",
      "Viande blanche",
      "Crustac\u00e9s",
      "Gibier",
      "Fromages forts",
      "Desserts",
      "Volaille",
      "Poisson"
    ],
    "IsWeightArticle": false,
    "WeightconversionFactor": "0",
    "IsBio": false,
    "CountryOfOrigin": "BELGIQUE",
    "IsExclusivelySoldInLuxembourg": false,
    "OrderUnit": "P",
    "AlcoholDisclaimermsg": true,
    "ShortName": "LEFO TRIPLE 8.8% 75CL",
    "IsNew": false,
    "amountUnit": "kg",
    "CountryOfOriginISO": "BE",
    "EcoscoreLabel": "B",
    "ShowAlcoholLegalMsg": true,
    "LongName": "TRIPEL LEFORT 8,8% 75cl",
    "RecentQuanityOfStockUnits": "1,6",
    "AlcoholVolume": "8.8",
    "FicCode": "E",
    "EcoscoreValue": "72"
  },
  {
    "technicalArticleNumber": "4104255",
    "commercialArticleNumber": "8535",
    "gtin": [
      "05410908000074",
      "05410908300099",
      "15410908000675",
      "15410908300096"
    ],
    "productId": "520434",
    "name": "Grande R\u00e9serve 9,0%",
    "description": "*Bi\u00e8re trappiste\n*9,0 % vol\n*Referment. en bout.",
    "brand": "CHIMAY",
    "seoBrand": "Chimay",
    "thumbNail": "https://static.colruytgroup.com/images/200x200/std.lang.all/15/14/asset-2701514.jpg",
    "fullImage": "https://static.colruytgroup.com/images/500x500/std.lang.all/15/14/asset-2701514.jpg",
    "squareImage": "https://static.colruytgroup.com/images/500x500sq/std.lang.all/15/14/asset-2701514.jpg",
    "content": "75cl",
    "price": {
      "basicPrice": 5.59,
      "recommendedQuantity": "1.0",
      "measurementUnitPrice": 7.46,
      "measurementUnit": "L",
      "isRedPrice": false,
      "pricePerUOM": 7.46,
      "activationDate": "01-04-2025",
      "recordSource": "Offline",
      "isPromoActive": "N",
      "priceChangeCode": "E",
      "priceReason": "Reaction"
    },
    "isPriceAvailable": true,
    "channelAvailability": [
      "8_BE_STORE",
      "8_BE_COLLECT_NEXT_DAY",
      "8_BE_HOME_DELIVERY",
      "8_BE_HOME_DELIVERY_DRIVER"
    ],
    "businessDomain": "RETAIL_BE",
    "walkRouteSequenceNumber": 3812,
    "isAvailable": true,
    "inPromo": false,
    "topCategoryName": "Boissons",
    "topCategoryId": "354",
    "categories": [
      {
        "name": "Boissons",
        "id": "354",
        "children": [
          {
            "name": "Bi\u00e8res",
            "id": "389",
            "children": [
              {
                "name": "Bi\u00e8res 75cl, Emballages Cadeaux",
                "id": "1066"
              }
            ]
          }
        ]
      }
    ],
    "IsPrivateLabel": false,
    "amount": 0.75,
    "IsBiffe": false,
    "foodPairing": [
      "Viande rouge",
      "Viande blanche",
      "Desserts",
      "Gibier",
      "Fromages forts",
      "Veggie"
    ],
    "IsWeightArticle": false,
    "WeightconversionFactor": "0",
    "IsBio": false,
    "CountryOfOrigin": "BELGIQUE",
    "IsExclusivelySoldInLuxembourg": false,
    "OrderUnit": "P",
    "AlcoholDisclaimermsg": true,
    "ShortName": "CHIM GRAND RES. 9% 75CL",
    "IsNew": false,
    "amountUnit": "kg",
    "CountryOfOriginISO": "BE",
    "EcoscoreLabel": "D",
    "ShowAlcoholLegalMsg": true,
    "LongName": "CHIMAY Grande R\u00e9serve 9,0% 75cl",
    "RecentQuanityOfStockUnits": "1,6",
    "AlcoholVolume": "9",
    "FicCode": "E",
    "EcoscoreValue": "37"
  },
  {
    "technicalArticleNumber": "4867337",
    "commercialArticleNumber": "6570",
    "gtin": [
      "05413023036461"
    ],
    "productId": "1249998",
    "name": "Saison Fermi\u00e8re 5,5% Bio",
    "brand": "SILLY",
    "seoBrand": "Silly",
    "thumbNail": "https://static.colruytgroup.com/images/200x200/std.lang.all/95/35/asset-3809535.jpg",
    "fullImage": "https://static.colruytgroup.com/images/500x500/std.lang.all/95/35/asset-3809535.jpg",
    "squareImage": "https://static.colruytgroup.com/images/500x500sq/std.lang.all/95/35/asset-3809535.jpg",
    "content": "75cl",
    "price": {
      "basicPrice": 5.7,
      "recommendedQuantity": "1.0",
      "measurementUnitPrice": 7.6,
      "measurementUnit": "L",
      "isRedPrice": false,
      "pricePerUOM": 7.6,
      "activationDate": "21-05-2025",
      "isPromoActive": "N",
      "priceChangeCode": "E",
      "priceReason": "FALLBACK"
    },
    "isPriceAvailable": true,
    "channelAvailability": [
      "8_BE_STORE",
      "8_BE_COLLECT_NEXT_DAY",
      "8_BE_HOME_DELIVERY",
      "8_BE_HOME_DELIVERY_DRIVER"
    ],
    "businessDomain": "RETAIL_BE",
    "walkRouteSequenceNumber": 3746,
    "isAvailable": true,
    "inPromo": false,
    "topCategoryName": "Boissons",
    "topCategoryId": "354",
    "categories": [
      {
        "name": "Boissons",
        "id": "354",
        "children": [
          {
            "name": "Bi\u00e8res",
            "id": "389",
            "children": [
              {
                "name": "Pils",
                "id": "1551",
                "children": [
                  {
                    "name": "Pils en bouteille",
                    "id": "1552"
                  }
                ]
              }
            ]
          }
        ]
      }
    ],
    "IsPrivateLabel": false,
    "amount": 0.75,
    "IsBiffe": false,
    "foodPairing": [
      "Fromages forts",
      "Fromages doux",
      "Crustac\u00e9s",
      "Barbecue",
      "Poisson",
      "Volaille",
      "Viande rouge",
      "Viande blanche",
      "Salade",
      "Ap\u00e9ritif"
    ],
    "IsWeightArticle": false,
    "WeightconversionFactor": "0",
    "IsBio": true,
    "CountryOfOrigin": "BELGIQUE",
    "IsExclusivelySoldInLuxembourg": false,
    "OrderUnit": "P",
    "AlcoholDisclaimermsg": true,
    "ShortName": "SILL SAISON5.5% BIO75CL",
    "IsNew": false,
    "amountUnit": "kg",
    "CountryOfOriginISO": "BE",
    "EcoscoreLabel": "D",
    "ShowAlcoholLegalMsg": true,
    "LongName": "SILLY Saison Fermi\u00e8re 5,5% Bio 75cl",
    "RecentQuanityOfStockUnits": "1",
    "AlcoholVolume": "5.5",
    "FicCode": "E",
    "EcoscoreValue": "37"
  },
  {
    "technicalArticleNumber": "1129423",
    "commercialArticleNumber": "5024",
    "gtin": [
      "05411098700034",
      "05400141050240",
      "05411098724030"
    ],
    "productId": "10464",
    "name": "bi\u00e8re abb. blonde 7,0%vol",
    "description": "*Bi\u00e8re d'abbaye\n*7 % vol\n*Referment. en bout.",
    "brand": "POSTEL",
    "seoBrand": "Postel",
    "thumbNail": "https://static.colruytgroup.com/images/200x200/std.lang.all/89/99/asset-2198999.jpg",
    "fullImage": "https://static.colruytgroup.com/images/500x500/std.lang.all/89/99/asset-2198999.jpg",
    "squareImage": "https://static.colruytgroup.com/images/500x500sq/std.lang.all/89/99/asset-2198999.jpg",
    "content": "6x33cl",
    "price": {
      "basicPrice": 5.79,
      "recommendedQuantity": "1.0",
      "measurementUnitPrice": 2.93,
      "measurementUnit": "L",
      "isRedPrice": false,
      "pricePerUOM": 2.93,
      "activationDate": "04-06-2025",
      "recordSource": "Online",
      "isPromoActive": "N",
      "priceChangeCode": "E",
      "priceReason": "Reaction"
    },
    "isPriceAvailable": true,
    "channelAvailability": [
      "8_BE_STORE",
      "8_LU_STORE",
      "8_BE_COLLECT_NEXT_DAY",
      "8_BE_HOME_DELIVERY",
      "8_BE_HOME_DELIVERY_DRIVER"
    ],
    "businessDomain": "RETAIL_BE",
    "walkRouteSequenceNumber": 3841,
    "isAvailable": true,
    "inPromo": false,
    "topCategoryName": "Boissons",
    "topCategoryId": "354",
    "categories": [
      {
        "name": "Boissons",
        "id": "354",
        "children": [
          {
            "name": "Bi\u00e8res",
            "id": "389",
            "children": [
              {
                "name": "Bi\u00e8re d'Abbaye, Trappiste blonde & amb",
                "id": "391"
              }
            ]
          }
        ]
      }
    ],
    "IsPrivateLabel": false,
    "amount": 1.98,
    "IsBiffe": false,
    "foodPairing": [
      "Desserts",
      "Fromages forts",
      "Gibier",
      "Poisson",
      "Veggie",
      "Viande blanche",
      "Viande rouge",
      "Volaille",
      "Crustac\u00e9s"
    ],
    "IsWeightArticle": false,
    "WeightconversionFactor": "0",
    "IsBio": false,
    "CountryOfOrigin": "BELGIQUE",
    "IsExclusivelySoldInLuxembourg": false,
    "OrderUnit": "P",
    "AlcoholDisclaimermsg": true,
    "ShortName": "POSTEL BLONDE 6X33CL",
    "IsNew": false,
    "amountUnit": "kg",
    "CountryOfOriginISO": "BE",
    "ShowAlcoholLegalMsg": true,
    "LongName": "POSTEL bi\u00e8re abb. blonde 7,0%vol 6x33cl",
    "RecentQuanityOfStockUnits": "1",
    "AlcoholVolume": "7",
    "FicCode": "I",
    "DepositValue": [
      0.6
    ]
  },
  {
    "technicalArticleNumber": "1129424",
    "commercialArticleNumber": "5025",
    "gtin": [
      "05411098720209",
      "05411098700003",
      "05400141050257"
    ],
    "productId": "10465",
    "name": "bi\u00e8re abb. double 7,0%vol",
    "description": "*Bi\u00e8re d'abbaye\n*7 % vol\n*Referment. en bout.",
    "brand": "POSTEL",
    "seoBrand": "Postel",
    "thumbNail": "https://static.colruytgroup.com/images/200x200/std.lang.all/90/00/asset-2199000.jpg",
    "fullImage": "https://static.colruytgroup.com/images/500x500/std.lang.all/90/00/asset-2199000.jpg",
    "squareImage": "https://static.colruytgroup.com/images/500x500sq/std.lang.all/90/00/asset-2199000.jpg",
    "content": "6x33cl",
    "price": {
      "basicPrice": 5.79,
      "recommendedQuantity": "1.0",
      "measurementUnitPrice": 2.93,
      "measurementUnit": "L",
      "isRedPrice": false,
      "pricePerUOM": 2.93,
      "activationDate": "15-05-2025",
      "recordSource": "Online",
      "isPromoActive": "N",
      "priceChangeCode": "E",
      "priceReason": "Reaction"
    },
    "isPriceAvailable": true,
    "channelAvailability": [
      "8_BE_STORE",
      "8_LU_STORE",
      "8_BE_COLLECT_NEXT_DAY",
      "8_BE_HOME_DELIVERY_DRIVER"
    ],
    "businessDomain": "RETAIL_BE",
    "walkRouteSequenceNumber": 3835,
    "isAvailable": true,
    "inPromo": false,
    "topCategoryName": "Boissons",
    "topCategoryId": "354",
    "categories": [
      {
        "name": "Boissons",
        "id": "354",
        "children": [
          {
            "name": "Bi\u00e8res",
            "id": "389",
            "children": [
              {
                "name": "Bi\u00e8re d'Abbaye et Trappiste brune",
                "id": "1851"
              }
            ]
          }
        ]
      }
    ],
    "IsPrivateLabel": false,
    "amount": 1.98,
    "IsBiffe": false,
    "foodPairing": [
      "Gibier",
      "Fromages forts",
      "Desserts",
      "Viande rouge",
      "Viande blanche",
      "Veggie"
    ],
    "IsWeightArticle": false,
    "WeightconversionFactor": "0",
    "IsBio": false,
    "CountryOfOrigin": "BELGIQUE",
    "IsExclusivelySoldInLuxembourg": false,
    "OrderUnit": "P",
    "AlcoholDisclaimermsg": true,
    "ShortName": "POSTEL DOUBLE 6X33CL",
    "IsNew": false,
    "amountUnit": "kg",
    "CountryOfOriginISO": "BE",
    "ShowAlcoholLegalMsg": true,
    "LongName": "POSTEL bi\u00e8re abb. double 7,0%vol 6x33cl",
    "RecentQuanityOfStockUnits": "1",
    "AlcoholVolume": "7",
    "FicCode": "I",
    "DepositValue": [
      0.6
    ]
  },
  {
    "technicalArticleNumber": "4851141",
    "commercialArticleNumber": "38423",
    "gtin": [
      "05413982600406",
      "05413982600192"
    ],
    "productId": "1237496",
    "name": "Triple blonde 7,2%",
    "description": "*Bi\u00e8re d'abbaye\n*Blonde triple\n*7,2% vol",
    "brand": "SINT HUBERTUS",
    "seoBrand": "Sint Hubertus",
    "thumbNail": "https://static.colruytgroup.com/images/200x200/std.lang.all/26/60/asset-3652660.jpg",
    "fullImage": "https://static.colruytgroup.com/images/500x500/std.lang.all/26/60/asset-3652660.jpg",
    "squareImage": "https://static.colruytgroup.com/images/500x500sq/std.lang.all/26/60/asset-3652660.jpg",
    "content": "3x33cl",
    "price": {
      "basicPrice": 5.94,
      "recommendedQuantity": "1.0",
      "measurementUnitPrice": {
        "source": "6.0",
        "parsedValue": 6
      },
      "measurementUnit": "L",
      "isRedPrice": false,
      "pricePerUOM": {
        "source": "6.0",
        "parsedValue": 6
      },
      "activationDate": "30-05-2025",
      "recordSource": "Online",
      "isPromoActive": "N",
      "priceChangeCode": "E",
      "priceReason": "Reaction"
    },
    "isPriceAvailable": true,
    "channelAvailability": [
      "8_BE_STORE",
      "8_BE_COLLECT_NEXT_DAY",
      "8_BE_HOME_DELIVERY_DRIVER"
    ],
    "businessDomain": "RETAIL_BE",
    "walkRouteSequenceNumber": 3867,
    "isAvailable": true,
    "inPromo": false,
    "topCategoryName": "Boissons",
    "topCategoryId": "354",
    "categories": [
      {
        "name": "Boissons",
        "id": "354",
        "children": [
          {
            "name": "Bi\u00e8res",
            "id": "389",
            "children": [
              {
                "name": "Bi\u00e8re d'Abbaye, Trappiste blonde & amb",
                "id": "391"
              }
            ]
          }
        ]
      }
    ],
    "IsPrivateLabel": false,
    "amount": 0.99,
    "IsBiffe": false,
    "foodPairing": [
      "Ap\u00e9ritif",
      "Viande rouge",
      "Viande blanche",
      "P\u00e2tes & pizza",
      "Gibier",
      "Fromages doux",
      "Barbecue"
    ],
    "IsWeightArticle": false,
    "WeightconversionFactor": "0",
    "IsBio": false,
    "CountryOfOrigin": "BELGIQUE",
    "IsExclusivelySoldInLuxembourg": false,
    "OrderUnit": "P",
    "AlcoholDisclaimermsg": true,
    "ShortName": "STHU TRIPEL BLOND3X33CL",
    "IsNew": false,
    "amountUnit": "kg",
    "CountryOfOriginISO": "BE",
    "EcoscoreLabel": "D",
    "ShowAlcoholLegalMsg": true,
    "LongName": "SINT HUBERTUS Triple blonde 7,2% 3x33cl",
    "RecentQuanityOfStockUnits": "4,1",
    "AlcoholVolume": "7.2",
    "FicCode": "E",
    "DepositValue": [
      0.6
    ],
    "EcoscoreValue": "37"
  },
  {
    "technicalArticleNumber": "1958814",
    "commercialArticleNumber": "233879",
    "gtin": [
      "05410767009102",
      "05410767002578",
      "05410228229742",
      "05410228183235",
      "04110767009102",
      "05400141533873"
    ],
    "productId": "26156",
    "name": "verre en bo\u00eete",
    "brand": "LEFFE",
    "seoBrand": "Leffe",
    "thumbNail": "https://static.colruytgroup.com/images/200x200/std.lang.all/20/47/asset-1282047.jpg",
    "fullImage": "https://static.colruytgroup.com/images/500x500/std.lang.all/20/47/asset-1282047.jpg",
    "squareImage": "https://static.colruytgroup.com/images/500x500sq/std.lang.all/20/47/asset-1282047.jpg",
    "content": "33cl",
    "price": {
      "basicPrice": 5.99,
      "recommendedQuantity": "1.0",
      "measurementUnitPrice": 5.99,
      "measurementUnit": "S",
      "isRedPrice": false,
      "pricePerUOM": 5.99,
      "activationDate": "13-05-2025",
      "isPromoActive": "N",
      "priceChangeCode": "H",
      "priceReason": "FALLBACK"
    },
    "isPriceAvailable": true,
    "channelAvailability": [
      "8_BE_STORE",
      "8_LU_STORE",
      "8_BE_COLLECT_NEXT_DAY",
      "8_BE_HOME_DELIVERY_DRIVER"
    ],
    "businessDomain": "NON_FOOD",
    "walkRouteSequenceNumber": 9193,
    "isAvailable": true,
    "inPromo": false,
    "topCategoryName": "Boissons",
    "topCategoryId": "354",
    "categories": [
      {
        "name": "Boissons",
        "id": "354",
        "children": [
          {
            "name": "Bi\u00e8res",
            "id": "389",
            "children": [
              {
                "name": "Verres \u00e0 bi\u00e8re, accessoires",
                "id": "1096"
              }
            ]
          }
        ]
      }
    ],
    "IsPrivateLabel": false,
    "amount": 0.01,
    "IsBiffe": false,
    "IsWeightArticle": false,
    "IsBio": false,
    "CountryOfOrigin": "BELGIQUE",
    "OrderUnit": "P",
    "ShortName": "VERRE LEFFE DS BOITE",
    "IsNew": false,
    "amountUnit": "kg",
    "CountryOfOriginISO": "BE",
    "LongName": "LEFFE verre en bo\u00eete 33cl",
    "RecentQuanityOfStockUnits": "1",
    "FicCode": "N"
  },
  {
    "technicalArticleNumber": "4886338",
    "commercialArticleNumber": "29990",
    "gtin": [
      "05410783010939",
      "05410783010922"
    ],
    "productId": "1263432",
    "name": "Oaked Gold Blond 5,8%",
    "description": "*Bi\u00e8re blonde\n*5,8% vol",
    "brand": "CORNET",
    "seoBrand": "Cornet",
    "thumbNail": "https://static.colruytgroup.com/images/200x200/std.lang.all/08/16/asset-3790816.jpg",
    "fullImage": "https://static.colruytgroup.com/images/500x500/std.lang.all/08/16/asset-3790816.jpg",
    "squareImage": "https://static.colruytgroup.com/images/500x500sq/std.lang.all/08/16/asset-3790816.jpg",
    "content": "4x33cl",
    "price": {
      "basicPrice": 5.99,
      "recommendedQuantity": "1.0",
      "measurementUnitPrice": 4.54,
      "measurementUnit": "L",
      "isRedPrice": false,
      "pricePerUOM": 4.54,
      "activationDate": "30-05-2025",
      "recordSource": "Offline",
      "isPromoActive": "N",
      "priceChangeCode": "E",
      "priceReason": "Reaction"
    },
    "isPriceAvailable": true,
    "channelAvailability": [
      "8_BE_STORE",
      "8_LU_STORE",
      "8_BE_COLLECT_NEXT_DAY",
      "8_BE_HOME_DELIVERY",
      "8_BE_HOME_DELIVERY_DRIVER"
    ],
    "businessDomain": "RETAIL_BE",
    "walkRouteSequenceNumber": 3919,
    "isAvailable": true,
    "inPromo": false,
    "topCategoryName": "Boissons",
    "topCategoryId": "354",
    "categories": [
      {
        "name": "Boissons",
        "id": "354",
        "children": [
          {
            "name": "Bi\u00e8res",
            "id": "389",
            "children": [
              {
                "name": "Blonde, blonde forte et triple b",
                "id": "394"
              }
            ]
          }
        ]
      }
    ],
    "IsPrivateLabel": false,
    "amount": 1.32,
    "IsBiffe": false,
    "foodPairing": [
      "Volaille",
      "Viande rouge",
      "Viande blanche",
      "Veggie",
      "Salade",
      "Ap\u00e9ritif",
      "Gibier",
      "Fromages doux",
      "Desserts",
      "Crustac\u00e9s",
      "Barbecue",
      "P\u00e2tes & pizza"
    ],
    "IsWeightArticle": false,
    "WeightconversionFactor": "0",
    "IsBio": false,
    "CountryOfOrigin": "BELGIQUE",
    "IsExclusivelySoldInLuxembourg": false,
    "OrderUnit": "P",
    "AlcoholDisclaimermsg": true,
    "ShortName": "CORN OAKED GOLD BL4X33C",
    "IsNew": false,
    "amountUnit": "kg",
    "CountryOfOriginISO": "BE",
    "EcoscoreLabel": "D",
    "ShowAlcoholLegalMsg": true,
    "LongName": "CORNET Oaked Gold Blond 5,8% 4x33cl",
    "RecentQuanityOfStockUnits": "1",
    "AlcoholVolume": "5.8",
    "FicCode": "E",
    "DepositValue": [
      0.4
    ],
    "EcoscoreValue": "37"
  },
  {
    "technicalArticleNumber": "1554977",
    "commercialArticleNumber": "7854",
    "gtin": [
      "00000054060036",
      "05412583240127",
      "05400141078541"
    ],
    "productId": "16078",
    "name": "bi\u00e8re br. 5,0%vol",
    "description": "*Bi\u00e8re sp\u00e9ciale\n*5 % vol\n*Referment. en bout.",
    "brand": "ADRIAEN BROUWER",
    "seoBrand": "Adriaen Brouwer",
    "thumbNail": "https://static.colruytgroup.com/images/200x200/std.lang.all/17/76/asset-2711776.jpg",
    "fullImage": "https://static.colruytgroup.com/images/500x500/std.lang.all/17/76/asset-2711776.jpg",
    "squareImage": "https://static.colruytgroup.com/images/500x500sq/std.lang.all/17/76/asset-2711776.jpg",
    "content": "8x25cl",
    "price": {
      "basicPrice": {
        "source": "6.0",
        "parsedValue": 6
      },
      "recommendedQuantity": "1.0",
      "measurementUnitPrice": {
        "source": "3.0",
        "parsedValue": 3
      },
      "measurementUnit": "L",
      "isRedPrice": false,
      "pricePerUOM": {
        "source": "3.0",
        "parsedValue": 3
      },
      "activationDate": "07-05-2025",
      "isPromoActive": "N",
      "priceChangeCode": "E",
      "priceReason": "FALLBACK"
    },
    "isPriceAvailable": true,
    "channelAvailability": [
      "8_BE_STORE",
      "8_BE_COLLECT_NEXT_DAY",
      "8_BE_HOME_DELIVERY_DRIVER"
    ],
    "businessDomain": "RETAIL_BE",
    "walkRouteSequenceNumber": 3876,
    "isAvailable": true,
    "inPromo": false,
    "topCategoryName": "Boissons",
    "topCategoryId": "354",
    "categories": [
      {
        "name": "Boissons",
        "id": "354",
        "children": [
          {
            "name": "Bi\u00e8res",
            "id": "389",
            "children": [
              {
                "name": "Bi\u00e8re brune et forte",
                "id": "1848"
              }
            ]
          }
        ]
      }
    ],
    "IsPrivateLabel": false,
    "amount": {
      "source": "2.0",
      "parsedValue": 2
    },
    "IsBiffe": false,
    "foodPairing": [
      "Viande blanche",
      "Veggie",
      "P\u00e2tes & pizza",
      "Barbecue",
      "Fromages doux",
      "Desserts",
      "Gibier"
    ],
    "IsWeightArticle": false,
    "WeightconversionFactor": "0",
    "IsBio": false,
    "CountryOfOrigin": "BELGIQUE",
    "IsExclusivelySoldInLuxembourg": false,
    "OrderUnit": "P",
    "AlcoholDisclaimermsg": true,
    "ShortName": "ADBR BRUNE 5% 8X25CL",
    "IsNew": false,
    "amountUnit": "kg",
    "CountryOfOriginISO": "BE",
    "EcoscoreLabel": "B",
    "ShowAlcoholLegalMsg": true,
    "LongName": "ADRIAEN BROUWER bi\u00e8re br. 5,0%vol 8x25cl",
    "RecentQuanityOfStockUnits": "1",
    "AlcoholVolume": "5",
    "FicCode": "E",
    "DepositValue": [
      0.8
    ],
    "EcoscoreValue": "73"
  },
  {
    "technicalArticleNumber": "4771768",
    "commercialArticleNumber": "32920",
    "gtin": [
      "05410769803258",
      "05400141503401",
      "05410769803173"
    ],
    "productId": "956103",
    "name": "Lite 4%",
    "description": "*Bi\u00e8re blonde\n*4 % vol",
    "brand": "CHOUFFE",
    "seoBrand": "Chouffe",
    "thumbNail": "https://static.colruytgroup.com/images/200x200/std.lang.all/25/41/asset-3412541.jpg",
    "fullImage": "https://static.colruytgroup.com/images/500x500/std.lang.all/25/41/asset-3412541.jpg",
    "squareImage": "https://static.colruytgroup.com/images/500x500sq/std.lang.all/25/41/asset-3412541.jpg",
    "content": "4x33cl",
    "price": {
      "basicPrice": {
        "source": "6.0",
        "parsedValue": 6
      },
      "recommendedQuantity": "1.0",
      "measurementUnitPrice": 4.55,
      "measurementUnit": "L",
      "isRedPrice": false,
      "pricePerUOM": 4.55,
      "activationDate": "07-05-2025",
      "recordSource": "Online",
      "isPromoActive": "N",
      "priceChangeCode": "E",
      "priceReason": "Reaction"
    },
    "isPriceAvailable": true,
    "channelAvailability": [
      "8_BE_STORE",
      "8_LU_STORE",
      "8_BE_COLLECT_NEXT_DAY",
      "8_BE_HOME_DELIVERY",
      "8_BE_HOME_DELIVERY_DRIVER"
    ],
    "businessDomain": "RETAIL_BE",
    "walkRouteSequenceNumber": 3954,
    "isAvailable": true,
    "inPromo": false,
    "topCategoryName": "Boissons",
    "topCategoryId": "354",
    "categories": [
      {
        "name": "Boissons",
        "id": "354",
        "children": [
          {
            "name": "Bi\u00e8res",
            "id": "389",
            "children": [
              {
                "name": "Blonde, blonde forte et triple b",
                "id": "394"
              }
            ]
          }
        ]
      }
    ],
    "IsPrivateLabel": false,
    "amount": 1.32,
    "IsBiffe": false,
    "foodPairing": [
      "Volaille",
      "P\u00e2tes & pizza",
      "Fromages doux",
      "Ap\u00e9ritif",
      "Barbecue",
      "Desserts"
    ],
    "IsWeightArticle": false,
    "WeightconversionFactor": "0",
    "IsBio": false,
    "CountryOfOrigin": "BELGIQUE",
    "IsExclusivelySoldInLuxembourg": false,
    "OrderUnit": "P",
    "AlcoholDisclaimermsg": true,
    "ShortName": "CHOU LITE 4% 4X33CL",
    "IsNew": false,
    "amountUnit": "kg",
    "CountryOfOriginISO": "BE",
    "EcoscoreLabel": "D",
    "ShowAlcoholLegalMsg": true,
    "LongName": "CHOUFFE Lite 4% 4x33cl",
    "RecentQuanityOfStockUnits": "1",
    "AlcoholVolume": "4",
    "FicCode": "E",
    "DepositValue": [
      0.4
    ],
    "EcoscoreValue": "37"
  },
  {
    "technicalArticleNumber": "2179623",
    "commercialArticleNumber": "6226",
    "gtin": [
      "00540014162269",
      "05410228219637",
      "05410228219644"
    ],
    "productId": "59479",
    "name": "bi\u00e8re blanche 4,9%",
    "description": "*Bi\u00e8re blanche\n*4,9 % vol",
    "brand": "HOEGAARDEN",
    "seoBrand": "Hoegaarden",
    "thumbNail": "https://static.colruytgroup.com/images/200x200/std.lang.all/53/74/asset-2875374.jpg",
    "fullImage": "https://static.colruytgroup.com/images/500x500/std.lang.all/53/74/asset-2875374.jpg",
    "squareImage": "https://static.colruytgroup.com/images/500x500sq/std.lang.all/53/74/asset-2875374.jpg",
    "content": "8x25cl",
    "price": {
      "basicPrice": 6.03,
      "recommendedQuantity": "1.0",
      "measurementUnitPrice": 3.02,
      "measurementUnit": "L",
      "isRedPrice": false,
      "pricePerUOM": 3.02,
      "activationDate": "05-06-2025",
      "recordSource": "Folder",
      "isPromoActive": "N",
      "priceChangeCode": "L",
      "priceReason": "Reaction"
    },
    "isPriceAvailable": true,
    "channelAvailability": [
      "8_LU_STORE",
      "3_BE_STORE",
      "8_BE_STORE",
      "8_BE_COLLECT_NEXT_DAY",
      "8_BE_HOME_DELIVERY",
      "8_BE_HOME_DELIVERY_DRIVER"
    ],
    "businessDomain": "RETAIL_BE",
    "walkRouteSequenceNumber": 4075,
    "isAvailable": true,
    "inPromo": true,
    "promotion": [
      {
        "techPromoId": "101339COLR",
        "promotionId": "101339",
        "promotionType": "3",
        "isPersonalized": "8",
        "publicationStartDate": "04-06-2025",
        "publicationEndDate": "17-06-2025",
        "topPromo": false
      }
    ],
    "topCategoryName": "Boissons",
    "topCategoryId": "354",
    "categories": [
      {
        "name": "Boissons",
        "id": "354",
        "children": [
          {
            "name": "Bi\u00e8res",
            "id": "389",
            "children": [
              {
                "name": "Bi\u00e8re blanche, bi\u00e8re aux fruits et bi",
                "id": "395"
              }
            ]
          }
        ]
      }
    ],
    "IsPrivateLabel": false,
    "amount": {
      "source": "2.0",
      "parsedValue": 2
    },
    "IsBiffe": false,
    "foodPairing": [
      "Salade",
      "Poisson",
      "Fromages doux",
      "Crustac\u00e9s",
      "Barbecue",
      "Ap\u00e9ritif"
    ],
    "IsWeightArticle": false,
    "WeightconversionFactor": "0",
    "IsBio": false,
    "CountryOfOrigin": "BELGIQUE",
    "IsExclusivelySoldInLuxembourg": false,
    "OrderUnit": "P",
    "AlcoholDisclaimermsg": true,
    "ShortName": "HOEG BLANCHE 8X25CL",
    "IsNew": false,
    "amountUnit": "kg",
    "CountryOfOriginISO": "BE",
    "ShowAlcoholLegalMsg": true,
    "LongName": "HOEGAARDEN bi\u00e8re blanche 4,9% 8x25cl",
    "RecentQuanityOfStockUnits": "1,3",
    "AlcoholVolume": "4.9",
    "FicCode": "I",
    "DepositValue": [
      0.8
    ]
  },
  {
    "technicalArticleNumber": "4426890",
    "commercialArticleNumber": "25980",
    "gtin": [
      "25411223004079",
      "05411223020709",
      "25411223020703"
    ],
    "productId": "696761",
    "name": "Vieille Gueuze Cuv\u00e9e Ren\u00e9",
    "description": "*Gueuze \u00e0 l'ancienne\n*6 % vol",
    "brand": "LINDEMANS",
    "seoBrand": "Lindemans",
    "thumbNail": "https://static.colruytgroup.com/images/200x200/std.lang.all/96/04/asset-3309604.jpg",
    "fullImage": "https://static.colruytgroup.com/images/500x500/std.lang.all/96/04/asset-3309604.jpg",
    "squareImage": "https://static.colruytgroup.com/images/500x500sq/std.lang.all/96/04/asset-3309604.jpg",
    "content": "75cl",
    "price": {
      "basicPrice": 6.04,
      "recommendedQuantity": "1.0",
      "measurementUnitPrice": 8.06,
      "measurementUnit": "L",
      "isRedPrice": false,
      "pricePerUOM": 8.06,
      "activationDate": "05-05-2025",
      "recordSource": "Online",
      "isPromoActive": "N",
      "priceChangeCode": "E",
      "priceReason": "Reaction"
    },
    "isPriceAvailable": true,
    "channelAvailability": [
      "8_BE_STORE",
      "8_BE_COLLECT_NEXT_DAY",
      "8_BE_HOME_DELIVERY",
      "8_BE_HOME_DELIVERY_DRIVER"
    ],
    "businessDomain": "RETAIL_BE",
    "walkRouteSequenceNumber": 3854,
    "isAvailable": true,
    "inPromo": false,
    "topCategoryName": "Boissons",
    "topCategoryId": "354",
    "categories": [
      {
        "name": "Boissons",
        "id": "354",
        "children": [
          {
            "name": "Bi\u00e8res",
            "id": "389",
            "children": [
              {
                "name": "Rouge brune, saison, gueuze, bi\u00e8re ambr",
                "id": "393"
              }
            ]
          }
        ]
      }
    ],
    "IsPrivateLabel": false,
    "amount": 0.75,
    "IsBiffe": false,
    "foodPairing": [
      "Ap\u00e9ritif",
      "Barbecue",
      "Fromages doux",
      "Fromages forts",
      "Veggie",
      "Viande blanche",
      "Viande rouge",
      "Volaille"
    ],
    "IsWeightArticle": false,
    "WeightconversionFactor": "0",
    "IsBio": false,
    "CountryOfOrigin": "BELGIQUE",
    "IsExclusivelySoldInLuxembourg": false,
    "OrderUnit": "P",
    "AlcoholDisclaimermsg": true,
    "ShortName": "LIND O.GEUZE C.RENEE75C",
    "IsNew": false,
    "amountUnit": "kg",
    "CountryOfOriginISO": "BE",
    "EcoscoreLabel": "B",
    "ShowAlcoholLegalMsg": true,
    "LongName": "LINDEMANS Vieille Gueuze Cuv\u00e9e Ren\u00e9 75cl",
    "RecentQuanityOfStockUnits": "1,6",
    "AlcoholVolume": "6",
    "FicCode": "E",
    "EcoscoreValue": "72"
  },
  {
    "technicalArticleNumber": "2783372",
    "commercialArticleNumber": "45816",
    "gtin": [
      "05400141015706"
    ],
    "productId": "68308",
    "name": "bi\u00e8re 5,2%",
    "description": "*Bi\u00e8re rouge brun de\nFlandre\n*5,2 % vol\n*Fermentation mixte",
    "brand": "RODENBACH",
    "seoBrand": "Rodenbach",
    "thumbNail": "https://static.colruytgroup.com/images/200x200/std.lang.all/99/83/asset-1729983.jpg",
    "fullImage": "https://static.colruytgroup.com/images/500x500/std.lang.all/99/83/asset-1729983.jpg",
    "squareImage": "https://static.colruytgroup.com/images/500x500sq/std.lang.all/99/83/asset-1729983.jpg",
    "content": "8x25cl",
    "price": {
      "basicPrice": 6.06,
      "recommendedQuantity": "1.0",
      "measurementUnitPrice": 3.03,
      "measurementUnit": "L",
      "isRedPrice": false,
      "pricePerUOM": 3.03,
      "activationDate": "24-05-2025",
      "recordSource": "Folder",
      "isPromoActive": "N",
      "priceChangeCode": "E",
      "priceReason": "Reaction"
    },
    "isPriceAvailable": true,
    "channelAvailability": [
      "3_BE_STORE",
      "8_BE_STORE",
      "8_LU_STORE",
      "8_BE_COLLECT_NEXT_DAY",
      "8_BE_HOME_DELIVERY",
      "8_BE_HOME_DELIVERY_DRIVER"
    ],
    "businessDomain": "RETAIL_BE",
    "walkRouteSequenceNumber": 4028,
    "isAvailable": true,
    "inPromo": false,
    "topCategoryName": "Boissons",
    "topCategoryId": "354",
    "categories": [
      {
        "name": "Boissons",
        "id": "354",
        "children": [
          {
            "name": "Bi\u00e8res",
            "id": "389",
            "children": [
              {
                "name": "Rouge brune, saison, gueuze, bi\u00e8re ambr",
                "id": "393"
              }
            ]
          }
        ]
      }
    ],
    "IsPrivateLabel": false,
    "amount": {
      "source": "2.0",
      "parsedValue": 2
    },
    "IsBiffe": false,
    "foodPairing": [
      "Veggie",
      "Gibier",
      "Desserts",
      "Crustac\u00e9s",
      "Barbecue",
      "Ap\u00e9ritif"
    ],
    "IsWeightArticle": false,
    "WeightconversionFactor": "0",
    "IsBio": false,
    "CountryOfOrigin": "BELGIQUE",
    "IsExclusivelySoldInLuxembourg": false,
    "OrderUnit": "P",
    "AlcoholDisclaimermsg": true,
    "ShortName": "RODENBACH 8X25CL",
    "IsNew": false,
    "amountUnit": "kg",
    "CountryOfOriginISO": "BE",
    "EcoscoreLabel": "D",
    "ShowAlcoholLegalMsg": true,
    "LongName": "RODENBACH bi\u00e8re 5,2% 8x25cl",
    "RecentQuanityOfStockUnits": "1",
    "AlcoholVolume": "5.2",
    "FicCode": "E",
    "DepositValue": [
      0.8
    ],
    "EcoscoreValue": "37"
  },
  {
    "technicalArticleNumber": "4726079",
    "commercialArticleNumber": "14268",
    "gtin": [
      "05411858100319",
      "05400141952407",
      "05411858013114"
    ],
    "productId": "871997",
    "name": "Blonde 6%",
    "description": "*Bi\u00e8re blonde\n*6% vol\n*Haute fermentation\n*Referment. en bout.",
    "brand": "YPRA",
    "seoBrand": "Ypra",
    "thumbNail": "https://static.colruytgroup.com/images/200x200/std.lang.all/25/47/asset-3412547.jpg",
    "fullImage": "https://static.colruytgroup.com/images/500x500/std.lang.all/25/47/asset-3412547.jpg",
    "squareImage": "https://static.colruytgroup.com/images/500x500sq/std.lang.all/25/47/asset-3412547.jpg",
    "content": "4x33cl",
    "price": {
      "basicPrice": 6.19,
      "recommendedQuantity": "1.0",
      "measurementUnitPrice": 4.69,
      "measurementUnit": "L",
      "isRedPrice": false,
      "pricePerUOM": 4.69,
      "activationDate": "04-06-2025",
      "isPromoActive": "Y",
      "priceChangeCode": "E",
      "priceReason": "Promo"
    },
    "isPriceAvailable": true,
    "channelAvailability": [
      "8_BE_STORE",
      "8_LU_STORE",
      "8_BE_COLLECT_NEXT_DAY",
      "8_BE_HOME_DELIVERY",
      "8_BE_HOME_DELIVERY_DRIVER"
    ],
    "businessDomain": "RETAIL_BE",
    "walkRouteSequenceNumber": 3984,
    "isAvailable": true,
    "inPromo": true,
    "promotion": [
      {
        "techPromoId": "101309COLR",
        "promotionId": "101309",
        "promotionType": "3",
        "isPersonalized": "N",
        "publicationStartDate": "04-06-2025",
        "publicationEndDate": "17-06-2025",
        "topPromo": false
      }
    ],
    "topCategoryName": "Boissons",
    "topCategoryId": "354",
    "categories": [
      {
        "name": "Boissons",
        "id": "354",
        "children": [
          {
            "name": "Bi\u00e8res",
            "id": "389",
            "children": [
              {
                "name": "Blonde, blonde forte et triple b",
                "id": "394"
              }
            ]
          }
        ]
      }
    ],
    "IsPrivateLabel": false,
    "amount": 1.32,
    "IsBiffe": false,
    "foodPairing": [
      "Viande rouge",
      "Poisson",
      "Fruits de mer",
      "Fromages doux",
      "Barbecue",
      "Ap\u00e9ritif"
    ],
    "IsWeightArticle": false,
    "WeightconversionFactor": "0",
    "IsBio": false,
    "CountryOfOrigin": "BELGIQUE",
    "IsExclusivelySoldInLuxembourg": false,
    "OrderUnit": "P",
    "AlcoholDisclaimermsg": true,
    "ShortName": "YPRA BLOND 6% 4X33CL",
    "IsNew": false,
    "amountUnit": "kg",
    "CountryOfOriginISO": "BE",
    "EcoscoreLabel": "D",
    "ShowAlcoholLegalMsg": true,
    "LongName": "YPRA Blonde 6% 4x33cl",
    "RecentQuanityOfStockUnits": "1,1",
    "AlcoholVolume": "6",
    "FicCode": "E",
    "DepositValue": [
      0.4
    ],
    "EcoscoreValue": "37"
  },
  {
    "technicalArticleNumber": "4729517",
    "commercialArticleNumber": "32135",
    "gtin": [
      "05400141504880",
      "00875213000044"
    ],
    "productId": "874545",
    "name": "Blonde 6,5%",
    "description": "*Bi\u00e8re blonde forte\n*6,5% vol",
    "brand": "PETRUS",
    "seoBrand": "Petrus",
    "thumbNail": "https://static.colruytgroup.com/images/200x200/std.lang.all/15/05/asset-3471505.jpg",
    "fullImage": "https://static.colruytgroup.com/images/500x500/std.lang.all/15/05/asset-3471505.jpg",
    "squareImage": "https://static.colruytgroup.com/images/500x500sq/std.lang.all/15/05/asset-3471505.jpg",
    "content": "4x33cl",
    "price": {
      "basicPrice": 6.29,
      "recommendedQuantity": "1.0",
      "quantityPrice": 3.14,
      "quantityPriceQuantity": "2.0",
      "measurementUnitPrice": 4.77,
      "measurementUnitQuantityPrice": 2.38,
      "measurementUnit": "L",
      "isRedPrice": false,
      "pricePerUOM": 4.77,
      "activationDate": "28-05-2025",
      "recordSource": "Offline",
      "isPromoActive": "N",
      "priceChangeCode": "E",
      "quantityPricePerUOM": 2.38,
      "quantityActivationDate": "28-05-2025",
      "quantityPriceChangeCode": "E",
      "reactPromoConcurrent": true,
      "priceReason": "Reaction"
    },
    "isPriceAvailable": true,
    "channelAvailability": [
      "8_BE_STORE",
      "8_BE_COLLECT_NEXT_DAY",
      "8_BE_HOME_DELIVERY_DRIVER"
    ],
    "businessDomain": "RETAIL_BE",
    "walkRouteSequenceNumber": 3983,
    "isAvailable": true,
    "inPromo": false,
    "topCategoryName": "Boissons",
    "topCategoryId": "354",
    "categories": [
      {
        "name": "Boissons",
        "id": "354",
        "children": [
          {
            "name": "Bi\u00e8res",
            "id": "389",
            "children": [
              {
                "name": "Blonde, blonde forte et triple b",
                "id": "394"
              }
            ]
          }
        ]
      }
    ],
    "IsPrivateLabel": false,
    "amount": 1.32,
    "IsBiffe": false,
    "foodPairing": [
      "Barbecue",
      "Ap\u00e9ritif",
      "Volaille",
      "Viande rouge",
      "Viande blanche",
      "P\u00e2tes & pizza",
      "Fromages forts",
      "Fromages doux"
    ],
    "IsWeightArticle": false,
    "WeightconversionFactor": "0",
    "IsBio": false,
    "CountryOfOrigin": "BELGIQUE",
    "IsExclusivelySoldInLuxembourg": false,
    "OrderUnit": "P",
    "AlcoholDisclaimermsg": true,
    "ShortName": "PETR BLOND 6.5% 4X33CL",
    "IsNew": false,
    "amountUnit": "kg",
    "CountryOfOriginISO": "BE",
    "ShowAlcoholLegalMsg": true,
    "LongName": "PETRUS Blonde 6,5% 4x33cl",
    "RecentQuanityOfStockUnits": "1",
    "AlcoholVolume": "6.5",
    "FicCode": "E",
    "DepositValue": [
      0.4
    ]
  },
  {
    "technicalArticleNumber": "4895333",
    "commercialArticleNumber": "15015",
    "gtin": [
      "05411686702976"
    ],
    "productId": "1270265",
    "name": "On The Rocks Peach 0,0%",
    "brand": "LIEFMANS",
    "seoBrand": "Liefmans",
    "thumbNail": "https://static.colruytgroup.com/images/200x200/std.lang.all/57/35/asset-3815735.jpg",
    "fullImage": "https://static.colruytgroup.com/images/500x500/std.lang.all/57/35/asset-3815735.jpg",
    "squareImage": "https://static.colruytgroup.com/images/500x500sq/std.lang.all/57/35/asset-3815735.jpg",
    "content": "4x25cl",
    "price": {
      "basicPrice": 6.29,
      "recommendedQuantity": "1.0",
      "quantityPrice": 6.04,
      "quantityPriceQuantity": "3.0",
      "measurementUnitPrice": 6.29,
      "measurementUnitQuantityPrice": 6.04,
      "measurementUnit": "L",
      "isRedPrice": false,
      "pricePerUOM": 6.29,
      "activationDate": "04-06-2025",
      "recordSource": "Offline",
      "isPromoActive": "N",
      "priceChangeCode": "H",
      "quantityPricePerUOM": 6.04,
      "quantityActivationDate": "04-06-2025",
      "quantityPriceChangeCode": "H",
      "priceReason": "Reaction"
    },
    "isPriceAvailable": true,
    "channelAvailability": [
      "8_BE_STORE",
      "8_BE_COLLECT_NEXT_DAY",
      "8_BE_HOME_DELIVERY",
      "8_BE_HOME_DELIVERY_DRIVER"
    ],
    "businessDomain": "RETAIL_BE",
    "walkRouteSequenceNumber": 4109,
    "isAvailable": true,
    "inPromo": false,
    "topCategoryName": "Boissons",
    "topCategoryId": "354",
    "categories": [
      {
        "name": "Boissons",
        "id": "354",
        "children": [
          {
            "name": "Bi\u00e8res",
            "id": "389",
            "children": [
              {
                "name": "Bi\u00e8res sans alcool",
                "id": "398"
              }
            ]
          }
        ]
      }
    ],
    "IsPrivateLabel": false,
    "amount": {
      "source": "1.0",
      "parsedValue": 1
    },
    "IsBiffe": false,
    "foodPairing": [
      "Fromages doux",
      "Desserts",
      "Volaille",
      "Viande rouge",
      "Viande blanche",
      "Veggie",
      "Salade",
      "P\u00e2tes & pizza",
      "Barbecue",
      "Ap\u00e9ritif"
    ],
    "IsWeightArticle": false,
    "WeightconversionFactor": "0",
    "nutriscoreLabel": "E",
    "IsBio": false,
    "CountryOfOrigin": "BELGIQUE",
    "IsExclusivelySoldInLuxembourg": false,
    "OrderUnit": "P",
    "AlcoholDisclaimermsg": false,
    "ShortName": "LIEF PEACH 0.0% 4X25CL",
    "IsNew": false,
    "amountUnit": "kg",
    "CountryOfOriginISO": "BE",
    "EcoscoreLabel": "D",
    "ShowAlcoholLegalMsg": false,
    "LongName": "LIEFMANS On The Rocks Peach 0,0% 4x25cl",
    "RecentQuanityOfStockUnits": "1",
    "AlcoholVolume": "0.05",
    "FicCode": "E",
    "DepositValue": [
      0.4
    ],
    "EcoscoreValue": "37"
  },
  {
    "technicalArticleNumber": "4863043",
    "commercialArticleNumber": "38646",
    "gtin": [
      "05410218110531"
    ],
    "productId": "1246862",
    "name": "Triple 8%",
    "description": "*Triple 3 c\u00e9r\u00e9ales,\nau caract\u00e8re\nprononc\u00e9\n*Ar\u00f4mes fruit\u00e9s,\ntouche \u00e9pic\u00e9e",
    "brand": "TRIPLEN OS",
    "seoBrand": "Triplen Os",
    "thumbNail": "https://static.colruytgroup.com/images/200x200/std.lang.all/66/46/asset-3776646.jpg",
    "fullImage": "https://static.colruytgroup.com/images/500x500/std.lang.all/66/46/asset-3776646.jpg",
    "squareImage": "https://static.colruytgroup.com/images/500x500sq/std.lang.all/66/46/asset-3776646.jpg",
    "content": "75cl",
    "price": {
      "basicPrice": 6.49,
      "recommendedQuantity": "1.0",
      "quantityPrice": 6.23,
      "quantityPriceQuantity": "6.0",
      "measurementUnitPrice": 8.66,
      "measurementUnitQuantityPrice": 8.31,
      "measurementUnit": "L",
      "isRedPrice": false,
      "pricePerUOM": 8.66,
      "activationDate": "23-04-2025",
      "isPromoActive": "N",
      "priceChangeCode": "E",
      "quantityPricePerUOM": 8.31,
      "quantityActivationDate": "23-04-2025",
      "quantityPriceChangeCode": "E",
      "priceReason": "FALLBACK"
    },
    "isPriceAvailable": true,
    "channelAvailability": [
      "8_BE_STORE",
      "8_BE_COLLECT_NEXT_DAY",
      "8_BE_HOME_DELIVERY",
      "8_BE_HOME_DELIVERY_DRIVER"
    ],
    "businessDomain": "RETAIL_BE",
    "walkRouteSequenceNumber": 3858,
    "isAvailable": true,
    "inPromo": false,
    "topCategoryName": "Boissons",
    "topCategoryId": "354",
    "categories": [
      {
        "name": "Boissons",
        "id": "354",
        "children": [
          {
            "name": "Bi\u00e8res",
            "id": "389",
            "children": [
              {
                "name": "Bi\u00e8re d'Abbaye, Trappiste blonde & amb",
                "id": "391"
              }
            ]
          }
        ]
      }
    ],
    "IsPrivateLabel": false,
    "amount": 0.75,
    "IsBiffe": false,
    "foodPairing": [
      "Barbecue",
      "Viande blanche",
      "Desserts",
      "Fromages forts",
      "Veggie",
      "Viande rouge",
      "Volaille",
      "Ap\u00e9ritif"
    ],
    "IsWeightArticle": false,
    "WeightconversionFactor": "0",
    "IsBio": false,
    "CountryOfOrigin": "BELGIQUE",
    "IsExclusivelySoldInLuxembourg": false,
    "OrderUnit": "P",
    "AlcoholDisclaimermsg": true,
    "ShortName": "TROS TRIPLE 8% 75CL",
    "IsNew": false,
    "amountUnit": "kg",
    "CountryOfOriginISO": "BE",
    "EcoscoreLabel": "D",
    "ShowAlcoholLegalMsg": true,
    "LongName": "TRIPLEN OS Triple 8% 75cl",
    "RecentQuanityOfStockUnits": "1",
    "AlcoholVolume": "8",
    "FicCode": "E",
    "EcoscoreValue": "37"
  },
  {
    "technicalArticleNumber": "4504022",
    "commercialArticleNumber": "21444",
    "gtin": [
      "05411911000310",
      "05411911002031"
    ],
    "productId": "739826",
    "name": "Abt12 quadrupel 10%",
    "brand": "ST BERNARDUS",
    "seoBrand": "St Bernardus",
    "thumbNail": "https://static.colruytgroup.com/images/200x200/std.lang.all/44/63/asset-2524463.jpg",
    "fullImage": "https://static.colruytgroup.com/images/500x500/std.lang.all/44/63/asset-2524463.jpg",
    "squareImage": "https://static.colruytgroup.com/images/500x500sq/std.lang.all/44/63/asset-2524463.jpg",
    "content": "75cl",
    "price": {
      "basicPrice": 6.49,
      "recommendedQuantity": "1.0",
      "quantityPrice": 5.97,
      "quantityPriceQuantity": "6.0",
      "measurementUnitPrice": 8.66,
      "measurementUnitQuantityPrice": 7.96,
      "measurementUnit": "L",
      "isRedPrice": false,
      "pricePerUOM": 8.66,
      "activationDate": "06-03-2025",
      "recordSource": "Offline",
      "isPromoActive": "N",
      "priceChangeCode": "H",
      "quantityPricePerUOM": 7.96,
      "quantityActivationDate": "06-03-2025",
      "quantityPriceChangeCode": "H",
      "priceReason": "Reaction"
    },
    "isPriceAvailable": true,
    "channelAvailability": [
      "8_BE_STORE",
      "8_LU_STORE",
      "8_BE_COLLECT_NEXT_DAY",
      "8_BE_HOME_DELIVERY",
      "8_BE_HOME_DELIVERY_DRIVER"
    ],
    "businessDomain": "RETAIL_BE",
    "walkRouteSequenceNumber": 3811,
    "isAvailable": true,
    "inPromo": false,
    "topCategoryName": "Boissons",
    "topCategoryId": "354",
    "categories": [
      {
        "name": "Boissons",
        "id": "354",
        "children": [
          {
            "name": "Bi\u00e8res",
            "id": "389",
            "children": [
              {
                "name": "Bi\u00e8res 75cl, Emballages Cadeaux",
                "id": "1066"
              }
            ]
          }
        ]
      }
    ],
    "IsPrivateLabel": false,
    "amount": 0.75,
    "IsBiffe": false,
    "WeightconversionFactor": "0",
    "IsWeightArticle": false,
    "IsBio": false,
    "CountryOfOrigin": "BELGIQUE",
    "IsExclusivelySoldInLuxembourg": false,
    "OrderUnit": "P",
    "ShortName": "STBE ABT12 QUAD.10%75CL",
    "AlcoholDisclaimermsg": true,
    "IsNew": false,
    "amountUnit": "kg",
    "CountryOfOriginISO": "BE",
    "ShowAlcoholLegalMsg": true,
    "LongName": "ST BERNARDUS Abt12 quadrupel 10% 75cl",
    "RecentQuanityOfStockUnits": "1",
    "AlcoholVolume": "10",
    "FicCode": "E"
  },
  {
    "technicalArticleNumber": "4828181",
    "commercialArticleNumber": "18228",
    "gtin": [
      "05410971803213",
      "05410971902930",
      "05410971303218"
    ],
    "productId": "1165022",
    "name": "Flandrien 0,0%",
    "description": "*Bi\u00e8re sans alcool\n*Blonde\n*0,0% vol",
    "brand": "SUPER 8",
    "seoBrand": "Super 8",
    "thumbNail": "https://static.colruytgroup.com/images/200x200/std.lang.all/10/77/asset-3571077.jpg",
    "fullImage": "https://static.colruytgroup.com/images/500x500/std.lang.all/10/77/asset-3571077.jpg",
    "squareImage": "https://static.colruytgroup.com/images/500x500sq/std.lang.all/10/77/asset-3571077.jpg",
    "content": "4x33cl",
    "price": {
      "basicPrice": 6.49,
      "recommendedQuantity": "1.0",
      "quantityPrice": 3.24,
      "quantityPriceQuantity": "2.0",
      "measurementUnitPrice": 4.92,
      "measurementUnitQuantityPrice": 2.46,
      "measurementUnit": "L",
      "isRedPrice": false,
      "pricePerUOM": 4.92,
      "activationDate": "28-05-2025",
      "recordSource": "Offline",
      "isPromoActive": "N",
      "priceChangeCode": "E",
      "quantityPricePerUOM": 2.46,
      "quantityActivationDate": "28-05-2025",
      "quantityPriceChangeCode": "L",
      "reactPromoConcurrent": true,
      "priceReason": "Reaction"
    },
    "isPriceAvailable": true,
    "channelAvailability": [
      "8_BE_STORE",
      "8_BE_COLLECT_NEXT_DAY",
      "8_BE_HOME_DELIVERY_DRIVER"
    ],
    "businessDomain": "RETAIL_BE",
    "walkRouteSequenceNumber": 4149,
    "isAvailable": true,
    "inPromo": false,
    "topCategoryName": "Boissons",
    "topCategoryId": "354",
    "categories": [
      {
        "name": "Boissons",
        "id": "354",
        "children": [
          {
            "name": "Bi\u00e8res",
            "id": "389",
            "children": [
              {
                "name": "Bi\u00e8res sans alcool",
                "id": "398"
              }
            ]
          }
        ]
      }
    ],
    "IsPrivateLabel": false,
    "amount": 1.32,
    "IsBiffe": false,
    "foodPairing": [
      "Poisson",
      "Volaille",
      "Salade",
      "P\u00e2tes & pizza",
      "Viande rouge",
      "Viande blanche",
      "Veggie",
      "Fromages forts",
      "Gibier",
      "Fromages doux",
      "Ap\u00e9ritif",
      "Barbecue",
      "Crustac\u00e9s",
      "Desserts"
    ],
    "IsWeightArticle": false,
    "WeightconversionFactor": "0",
    "IsBio": false,
    "CountryOfOrigin": "BELGIQUE",
    "IsExclusivelySoldInLuxembourg": false,
    "OrderUnit": "P",
    "AlcoholDisclaimermsg": false,
    "ShortName": "SUP8 FLAN 0.0% 4X33CL",
    "IsNew": false,
    "amountUnit": "kg",
    "CountryOfOriginISO": "BE",
    "EcoscoreLabel": "D",
    "ShowAlcoholLegalMsg": false,
    "LongName": "SUPER 8 Flandrien 0,0% 4x33cl",
    "RecentQuanityOfStockUnits": "1",
    "AlcoholVolume": "0",
    "FicCode": "E",
    "DepositValue": [
      0.4
    ],
    "EcoscoreValue": "37"
  },
  {
    "technicalArticleNumber": "4882196",
    "commercialArticleNumber": "2666",
    "gtin": [
      "05411831005389",
      "05400141495195"
    ],
    "productId": "1260316",
    "name": "Triple 8%",
    "brand": "PETRUS",
    "seoBrand": "Petrus",
    "thumbNail": "https://static.colruytgroup.com/images/200x200/std.lang.all/24/43/asset-3802443.jpg",
    "fullImage": "https://static.colruytgroup.com/images/500x500/std.lang.all/24/43/asset-3802443.jpg",
    "squareImage": "https://static.colruytgroup.com/images/500x500sq/std.lang.all/24/43/asset-3802443.jpg",
    "content": "4x33cl",
    "price": {
      "basicPrice": 6.49,
      "recommendedQuantity": "1.0",
      "quantityPrice": 3.24,
      "quantityPriceQuantity": "2.0",
      "measurementUnitPrice": 4.92,
      "measurementUnitQuantityPrice": 2.46,
      "measurementUnit": "L",
      "isRedPrice": false,
      "pricePerUOM": 4.92,
      "activationDate": "28-05-2025",
      "recordSource": "Offline",
      "isPromoActive": "N",
      "priceChangeCode": "E",
      "quantityPricePerUOM": 2.46,
      "quantityActivationDate": "28-05-2025",
      "quantityPriceChangeCode": "L",
      "reactPromoConcurrent": true,
      "priceReason": "Reaction"
    },
    "isPriceAvailable": true,
    "channelAvailability": [
      "8_BE_STORE",
      "8_LU_STORE",
      "8_BE_COLLECT_NEXT_DAY",
      "8_BE_HOME_DELIVERY_DRIVER"
    ],
    "businessDomain": "RETAIL_BE",
    "walkRouteSequenceNumber": 3968,
    "isAvailable": true,
    "inPromo": false,
    "topCategoryName": "Boissons",
    "topCategoryId": "354",
    "categories": [
      {
        "name": "Boissons",
        "id": "354",
        "children": [
          {
            "name": "Bi\u00e8res",
            "id": "389",
            "children": [
              {
                "name": "Blonde, blonde forte et triple b",
                "id": "394"
              }
            ]
          }
        ]
      }
    ],
    "IsPrivateLabel": false,
    "amount": 1.32,
    "IsBiffe": false,
    "foodPairing": [
      "Volaille",
      "Viande rouge",
      "Viande blanche",
      "Ap\u00e9ritif",
      "Gibier",
      "Desserts",
      "Barbecue",
      "Veggie"
    ],
    "IsWeightArticle": false,
    "WeightconversionFactor": "0",
    "IsBio": false,
    "CountryOfOrigin": "BELGIQUE",
    "IsExclusivelySoldInLuxembourg": false,
    "OrderUnit": "P",
    "AlcoholDisclaimermsg": true,
    "ShortName": "PETR TRIPLE 8% 4X33CL",
    "IsNew": false,
    "amountUnit": "kg",
    "CountryOfOriginISO": "BE",
    "ShowAlcoholLegalMsg": true,
    "LongName": "PETRUS Triple 8% 4x33cl",
    "RecentQuanityOfStockUnits": "1",
    "AlcoholVolume": "8",
    "FicCode": "E",
    "DepositValue": [
      0.4
    ]
  },
  {
    "technicalArticleNumber": "4891204",
    "commercialArticleNumber": "3528",
    "gtin": [
      "05411911004882",
      "05411911004929"
    ],
    "productId": "1267215",
    "name": "Kombine 2025 6%",
    "brand": "ST BERNARDUS",
    "seoBrand": "St Bernardus",
    "thumbNail": "https://static.colruytgroup.com/images/200x200/std.lang.all/05/55/asset-3810555.jpg",
    "fullImage": "https://static.colruytgroup.com/images/500x500/std.lang.all/05/55/asset-3810555.jpg",
    "squareImage": "https://static.colruytgroup.com/images/500x500sq/std.lang.all/05/55/asset-3810555.jpg",
    "content": "4x33cl",
    "price": {
      "basicPrice": 6.5,
      "recommendedQuantity": "1.0",
      "measurementUnitPrice": 4.93,
      "measurementUnit": "L",
      "isRedPrice": false,
      "pricePerUOM": 4.93,
      "activationDate": "24-04-2025",
      "isPromoActive": "N",
      "priceChangeCode": "E",
      "priceReason": "FALLBACK"
    },
    "isPriceAvailable": true,
    "channelAvailability": [
      "8_BE_STORE",
      "8_BE_COLLECT_NEXT_DAY",
      "8_BE_HOME_DELIVERY",
      "8_BE_HOME_DELIVERY_DRIVER"
    ],
    "businessDomain": "RETAIL_BE",
    "walkRouteSequenceNumber": 1488,
    "isAvailable": true,
    "inPromo": false,
    "topCategoryName": "Boissons",
    "topCategoryId": "354",
    "categories": [
      {
        "name": "Boissons",
        "id": "354",
        "children": [
          {
            "name": "Bi\u00e8res",
            "id": "389",
            "children": [
              {
                "name": "Blonde, blonde forte et triple b",
                "id": "394"
              }
            ]
          }
        ]
      }
    ],
    "IsPrivateLabel": false,
    "amount": 1.32,
    "IsBiffe": false,
    "foodPairing": [
      "Fromages forts",
      "Fromages doux",
      "P\u00e2tes & pizza",
      "Salade",
      "Veggie",
      "Viande blanche",
      "Viande rouge",
      "Volaille",
      "Gibier",
      "Poisson",
      "Ap\u00e9ritif",
      "Barbecue",
      "Crustac\u00e9s",
      "Desserts"
    ],
    "IsWeightArticle": false,
    "WeightconversionFactor": "0",
    "IsBio": false,
    "CountryOfOrigin": "BELGIQUE",
    "IsExclusivelySoldInLuxembourg": false,
    "OrderUnit": "P",
    "AlcoholDisclaimermsg": true,
    "ShortName": "STBE KOMBINE 2025 4X33C",
    "IsNew": false,
    "amountUnit": "kg",
    "CountryOfOriginISO": "BE",
    "EcoscoreLabel": "D",
    "ShowAlcoholLegalMsg": true,
    "LongName": "ST BERNARDUS Kombine 2025 6% 4x33cl",
    "RecentQuanityOfStockUnits": "1,6",
    "AlcoholVolume": "6",
    "FicCode": "E",
    "DepositValue": [
      0.4
    ],
    "EcoscoreValue": "37"
  },
  {
    "technicalArticleNumber": "1346618",
    "commercialArticleNumber": "5159",
    "gtin": [
      "05410263005011",
      "05400141051599",
      "00000054064027",
      "00000025051599"
    ],
    "productId": "9856",
    "name": "bi\u00e8re blonde 8,5%vol",
    "description": "*Bi\u00e8re houblonn\u00e9e\n*Bi\u00e8re belge\n*Haute fermentation\n*EBU 29, fruit\u00e9e\n*8,5% VOL",
    "brand": "HAPKIN",
    "seoBrand": "Hapkin",
    "thumbNail": "https://static.colruytgroup.com/images/200x200/std.lang.all/98/38/asset-3829838.jpg",
    "fullImage": "https://static.colruytgroup.com/images/500x500/std.lang.all/98/38/asset-3829838.jpg",
    "squareImage": "https://static.colruytgroup.com/images/500x500sq/std.lang.all/98/38/asset-3829838.jpg",
    "content": "6x33cl",
    "price": {
      "basicPrice": 6.59,
      "recommendedQuantity": "1.0",
      "measurementUnitPrice": 3.33,
      "measurementUnit": "L",
      "isRedPrice": false,
      "pricePerUOM": 3.33,
      "activationDate": "04-06-2025",
      "recordSource": "Folder",
      "isPromoActive": "Y",
      "priceChangeCode": "L",
      "priceReason": "Reaction"
    },
    "isPriceAvailable": true,
    "channelAvailability": [
      "8_BE_STORE",
      "8_LU_STORE",
      "8_BE_COLLECT_NEXT_DAY",
      "8_BE_HOME_DELIVERY",
      "8_BE_HOME_DELIVERY_DRIVER"
    ],
    "businessDomain": "RETAIL_BE",
    "walkRouteSequenceNumber": 3994,
    "isAvailable": true,
    "inPromo": false,
    "topCategoryName": "Boissons",
    "topCategoryId": "354",
    "categories": [
      {
        "name": "Boissons",
        "id": "354",
        "children": [
          {
            "name": "Bi\u00e8res",
            "id": "389",
            "children": [
              {
                "name": "Blonde, blonde forte et triple b",
                "id": "394"
              }
            ]
          }
        ]
      }
    ],
    "foodPairing": [
      "Volaille",
      "Viande rouge",
      "Viande blanche",
      "Crustac\u00e9s",
      "Gibier",
      "Fromages forts",
      "Desserts",
      "Poisson"
    ],
    "CountryOfOrigin": "BELGIQUE",
    "IsExclusivelySoldInLuxembourg": false,
    "OrderUnit": "P",
    "AlcoholDisclaimermsg": true,
    "InSeason": true,
    "ShortName": "HAPKIN 6X33CL",
    "IsNew": false,
    "ShowAlcoholLegalMsg": true,
    "RecentQuanityOfStockUnits": "1",
    "FicCode": "E",
    "IsPrivateLabel": false,
    "amount": 1.98,
    "IsBiffe": false,
    "IsWeightArticle": false,
    "WeightconversionFactor": "0",
    "IsBio": false,
    "amountUnit": "kg",
    "CountryOfOriginISO": "BE",
    "EcoscoreLabel": "D",
    "LongName": "HAPKIN bi\u00e8re blonde 8,5%vol 6x33cl",
    "AlcoholVolume": "8.5",
    "StartSeasonDate": "23/04/2020",
    "DepositValue": [
      0.6
    ],
    "EcoscoreValue": "37"
  },
  {
    "technicalArticleNumber": "3940878",
    "commercialArticleNumber": "1474",
    "gtin": [
      "05410783004679",
      "05410783005850"
    ],
    "productId": "420962",
    "name": "Oaked blonde 8,5%",
    "description": "*Bi\u00e8re blonde forte\n*8,5% vol\n*Referment. en bout.",
    "brand": "CORNET",
    "seoBrand": "Cornet",
    "thumbNail": "https://static.colruytgroup.com/images/200x200/std.lang.all/73/38/asset-3837338.jpg",
    "fullImage": "https://static.colruytgroup.com/images/500x500/std.lang.all/73/38/asset-3837338.jpg",
    "squareImage": "https://static.colruytgroup.com/images/500x500sq/std.lang.all/73/38/asset-3837338.jpg",
    "content": "75cl",
    "price": {
      "basicPrice": 6.65,
      "recommendedQuantity": "1.0",
      "quantityPrice": 6.38,
      "quantityPriceQuantity": "6.0",
      "measurementUnitPrice": 8.87,
      "measurementUnitQuantityPrice": 8.51,
      "measurementUnit": "L",
      "isRedPrice": false,
      "pricePerUOM": 8.87,
      "activationDate": "17-05-2025",
      "recordSource": "Offline",
      "isPromoActive": "N",
      "priceChangeCode": "H",
      "quantityPricePerUOM": 8.51,
      "quantityActivationDate": "17-05-2025",
      "quantityPriceChangeCode": "H",
      "priceReason": "Reaction"
    },
    "isPriceAvailable": true,
    "channelAvailability": [
      "8_BE_STORE",
      "8_LU_STORE",
      "8_BE_COLLECT_NEXT_DAY",
      "8_BE_HOME_DELIVERY_DRIVER"
    ],
    "businessDomain": "RETAIL_BE",
    "walkRouteSequenceNumber": 3808,
    "isAvailable": true,
    "inPromo": false,
    "topCategoryName": "Boissons",
    "topCategoryId": "354",
    "categories": [
      {
        "name": "Boissons",
        "id": "354",
        "children": [
          {
            "name": "Bi\u00e8res",
            "id": "389",
            "children": [
              {
                "name": "Bi\u00e8res 75cl, Emballages Cadeaux",
                "id": "1066"
              }
            ]
          }
        ]
      }
    ],
    "IsPrivateLabel": false,
    "amount": 0.75,
    "IsBiffe": false,
    "foodPairing": [
      "Viande blanche",
      "Volaille",
      "Viande rouge",
      "Crustac\u00e9s",
      "Poisson",
      "Gibier",
      "Fromages forts",
      "Desserts"
    ],
    "IsWeightArticle": false,
    "WeightconversionFactor": "0",
    "IsBio": false,
    "CountryOfOrigin": "BELGIQUE",
    "IsExclusivelySoldInLuxembourg": false,
    "OrderUnit": "P",
    "AlcoholDisclaimermsg": true,
    "ShortName": "CORN OAKED BLONDE 75CL",
    "IsNew": false,
    "amountUnit": "kg",
    "CountryOfOriginISO": "BE",
    "EcoscoreLabel": "D",
    "ShowAlcoholLegalMsg": true,
    "LongName": "CORNET Oaked blonde 8,5% 75cl",
    "RecentQuanityOfStockUnits": "1",
    "AlcoholVolume": "8.5",
    "FicCode": "E",
    "EcoscoreValue": "37"
  },
  {
    "technicalArticleNumber": "1684300",
    "commercialArticleNumber": "8751",
    "gtin": [
      "05410228858669",
      "05410228141136",
      "05400141087512",
      "00000025087512"
    ],
    "productId": "33959",
    "name": "bi\u00e8re tab. br. 1,1%vol",
    "description": "*Bi\u00e8re de table\n*1,1 % vol",
    "brand": "PIEDBOEUF",
    "seoBrand": "Piedboeuf",
    "thumbNail": "https://static.colruytgroup.com/images/200x200/std.lang.all/89/47/asset-858947.jpg",
    "fullImage": "https://static.colruytgroup.com/images/500x500/std.lang.all/89/47/asset-858947.jpg",
    "squareImage": "https://static.colruytgroup.com/images/500x500sq/std.lang.all/89/47/asset-858947.jpg",
    "content": "6x33cl",
    "price": {
      "basicPrice": 6.66,
      "recommendedQuantity": "1.0",
      "measurementUnitPrice": 3.37,
      "measurementUnit": "L",
      "isRedPrice": false,
      "pricePerUOM": 3.37,
      "activationDate": "22-01-2025",
      "recordSource": "Online",
      "isPromoActive": "N",
      "priceChangeCode": "H",
      "priceReason": "Reaction"
    },
    "isPriceAvailable": true,
    "channelAvailability": [
      "3_BE_STORE",
      "8_BE_STORE",
      "8_LU_STORE",
      "8_BE_COLLECT_NEXT_DAY",
      "8_BE_HOME_DELIVERY",
      "8_BE_HOME_DELIVERY_DRIVER"
    ],
    "businessDomain": "RETAIL_BE",
    "walkRouteSequenceNumber": 3939,
    "isAvailable": true,
    "inPromo": false,
    "topCategoryName": "Boissons",
    "topCategoryId": "354",
    "categories": [
      {
        "name": "Boissons",
        "id": "354",
        "children": [
          {
            "name": "Bi\u00e8res",
            "id": "389",
            "children": [
              {
                "name": "Bi\u00e8re de table",
                "id": "1857"
              }
            ]
          }
        ]
      }
    ],
    "IsPrivateLabel": false,
    "amount": 1.98,
    "IsBiffe": false,
    "foodPairing": [
      "Volaille",
      "Viande blanche",
      "Veggie",
      "Salade",
      "Barbecue",
      "Poisson",
      "Fromages doux",
      "Desserts",
      "Crustac\u00e9s",
      "P\u00e2tes & pizza"
    ],
    "IsWeightArticle": false,
    "WeightconversionFactor": "0",
    "IsBio": false,
    "CountryOfOrigin": "BELGIQUE",
    "IsExclusivelySoldInLuxembourg": false,
    "OrderUnit": "P",
    "AlcoholDisclaimermsg": true,
    "ShortName": "PIEDBOEUF FONCEE 6X33CL",
    "IsNew": false,
    "amountUnit": "kg",
    "CountryOfOriginISO": "BE",
    "ShowAlcoholLegalMsg": true,
    "LongName": "PIEDBOEUF bi\u00e8re tab. br. 1,1%vol 6x33cl",
    "RecentQuanityOfStockUnits": "1",
    "AlcoholVolume": "1.1",
    "FicCode": "E",
    "DepositValue": [
      0.6
    ]
  },
  {
    "technicalArticleNumber": "5001",
    "commercialArticleNumber": "5001",
    "gtin": [
      "05400141867497",
      "05400141123166",
      "05400141123081",
      "05400141266627"
    ],
    "productId": "368",
    "name": "Pils 4,7% bac",
    "description": "*Pils\n*4,7 % vol",
    "brand": "CARA",
    "seoBrand": "Cara",
    "thumbNail": "https://static.colruytgroup.com/images/200x200/std.lang.all/54/88/asset-2075488.jpg",
    "fullImage": "https://static.colruytgroup.com/images/500x500/std.lang.all/54/88/asset-2075488.jpg",
    "squareImage": "https://static.colruytgroup.com/images/500x500sq/std.lang.all/54/88/asset-2075488.jpg",
    "content": "24x25cl",
    "price": {
      "basicPrice": 6.72,
      "recommendedQuantity": "1.0",
      "measurementUnitPrice": 1.12,
      "measurementUnit": "L",
      "isRedPrice": false,
      "pricePerUOM": 1.12,
      "activationDate": "30-05-2025",
      "recordSource": "Offline",
      "isPromoActive": "N",
      "priceChangeCode": "H",
      "priceReason": "Reaction"
    },
    "isPriceAvailable": true,
    "channelAvailability": [
      "3_BE_STORE",
      "8_BE_STORE",
      "8_LU_STORE",
      "8_BE_COLLECT_NEXT_DAY",
      "8_BE_HOME_DELIVERY",
      "8_BE_HOME_DELIVERY_DRIVER"
    ],
    "businessDomain": "RETAIL_BE",
    "walkRouteSequenceNumber": 4106,
    "isAvailable": true,
    "inPromo": false,
    "topCategoryName": "Boissons",
    "topCategoryId": "354",
    "categories": [
      {
        "name": "Boissons",
        "id": "354",
        "children": [
          {
            "name": "Bi\u00e8res",
            "id": "389",
            "children": [
              {
                "name": "Pils",
                "id": "1551",
                "children": [
                  {
                    "name": "Pils en bouteille",
                    "id": "1552"
                  }
                ]
              }
            ]
          }
        ]
      }
    ],
    "IsPrivateLabel": true,
    "amount": {
      "source": "6.0",
      "parsedValue": 6
    },
    "IsBiffe": false,
    "foodPairing": [
      "Volaille",
      "Veggie",
      "Salade",
      "Crustac\u00e9s",
      "Fromages doux",
      "Poisson",
      "P\u00e2tes & pizza",
      "Ap\u00e9ritif"
    ],
    "IsWeightArticle": false,
    "WeightconversionFactor": "0",
    "IsBio": false,
    "CountryOfOrigin": "BELGIQUE",
    "IsExclusivelySoldInLuxembourg": false,
    "OrderUnit": "P",
    "AlcoholDisclaimermsg": true,
    "ShortName": "CARA PILS 4.7% 24X25CL",
    "IsNew": false,
    "amountUnit": "kg",
    "CountryOfOriginISO": "BE",
    "EcoscoreLabel": "C",
    "ShowAlcoholLegalMsg": true,
    "LongName": "CARA Pils 4,7% bac 24x25cl",
    "RecentQuanityOfStockUnits": "1",
    "AlcoholVolume": "4.7",
    "FicCode": "I",
    "DepositValue": [
      4.5
    ],
    "EcoscoreValue": "50"
  },
  {
    "technicalArticleNumber": "4801861",
    "commercialArticleNumber": "36064",
    "gtin": [
      "05425027971747",
      "05425027971723",
      "05400141693744"
    ],
    "productId": "1054280",
    "name": "Nano\u00b0 Hoppy Blond 0,3%",
    "description": "*Bi\u00e8re sans alcool\n*Hoppy blonde\n*0,3% vol",
    "brand": "VICARIS",
    "seoBrand": "Vicaris",
    "thumbNail": "https://static.colruytgroup.com/images/200x200/std.lang.all/81/95/asset-3448195.jpg",
    "fullImage": "https://static.colruytgroup.com/images/500x500/std.lang.all/81/95/asset-3448195.jpg",
    "squareImage": "https://static.colruytgroup.com/images/500x500sq/std.lang.all/81/95/asset-3448195.jpg",
    "content": "4x33cl",
    "price": {
      "basicPrice": 6.72,
      "recommendedQuantity": "1.0",
      "measurementUnitPrice": 5.1,
      "measurementUnit": "L",
      "isRedPrice": false,
      "pricePerUOM": 5.1,
      "activationDate": "07-05-2025",
      "recordSource": "Online",
      "isPromoActive": "N",
      "priceChangeCode": "E",
      "priceReason": "Reaction"
    },
    "isPriceAvailable": true,
    "channelAvailability": [
      "8_BE_STORE",
      "8_BE_COLLECT_NEXT_DAY",
      "8_BE_HOME_DELIVERY_DRIVER"
    ],
    "businessDomain": "RETAIL_BE",
    "walkRouteSequenceNumber": 4111,
    "isAvailable": true,
    "inPromo": false,
    "topCategoryName": "Boissons",
    "topCategoryId": "354",
    "categories": [
      {
        "name": "Boissons",
        "id": "354",
        "children": [
          {
            "name": "Bi\u00e8res",
            "id": "389",
            "children": [
              {
                "name": "Bi\u00e8res sans alcool",
                "id": "398"
              }
            ]
          }
        ]
      }
    ],
    "IsPrivateLabel": false,
    "amount": 1.32,
    "IsBiffe": false,
    "foodPairing": [
      "P\u00e2tes & pizza",
      "Ap\u00e9ritif",
      "Barbecue",
      "Crustac\u00e9s",
      "Desserts",
      "Fromages doux",
      "Volaille",
      "Gibier",
      "Poisson",
      "Salade",
      "Veggie",
      "Viande rouge",
      "Fromages forts"
    ],
    "IsWeightArticle": false,
    "WeightconversionFactor": "0",
    "nutriscoreLabel": "C",
    "IsBio": false,
    "CountryOfOrigin": "BELGIQUE",
    "IsExclusivelySoldInLuxembourg": false,
    "OrderUnit": "P",
    "AlcoholDisclaimermsg": false,
    "ShortName": "VICA NANO 0.3% 4X33CL",
    "IsNew": false,
    "amountUnit": "kg",
    "CountryOfOriginISO": "BE",
    "EcoscoreLabel": "D",
    "ShowAlcoholLegalMsg": false,
    "LongName": "VICARIS Nano\u00b0 Hoppy Blond 0,3% 4x33cl",
    "RecentQuanityOfStockUnits": "1",
    "AlcoholVolume": "0.3",
    "FicCode": "E",
    "DepositValue": [
      0.4
    ],
    "EcoscoreValue": "37"
  },
  {
    "technicalArticleNumber": "4063473",
    "commercialArticleNumber": "7082",
    "gtin": [
      "05410971037021",
      "05410971237025",
      "05410971131026"
    ],
    "productId": "467987",
    "name": "Flandrien 6.4%vol",
    "description": "*Bi\u00e8re blonde forte\n*6,4% vol",
    "brand": "SUPER 8",
    "seoBrand": "Super 8",
    "thumbNail": "https://static.colruytgroup.com/images/200x200/std.lang.all/71/75/asset-3797175.jpg",
    "fullImage": "https://static.colruytgroup.com/images/500x500/std.lang.all/71/75/asset-3797175.jpg",
    "squareImage": "https://static.colruytgroup.com/images/500x500sq/std.lang.all/71/75/asset-3797175.jpg",
    "content": "4x33cl",
    "price": {
      "basicPrice": 6.75,
      "recommendedQuantity": "1.0",
      "quantityPrice": 3.37,
      "quantityPriceQuantity": "2.0",
      "measurementUnitPrice": 5.12,
      "measurementUnitQuantityPrice": 2.56,
      "measurementUnit": "L",
      "isRedPrice": false,
      "pricePerUOM": 5.12,
      "activationDate": "28-05-2025",
      "recordSource": "Offline",
      "isPromoActive": "N",
      "priceChangeCode": "E",
      "quantityPricePerUOM": 2.56,
      "quantityActivationDate": "28-05-2025",
      "quantityPriceChangeCode": "L",
      "reactPromoConcurrent": true,
      "priceReason": "Reaction"
    },
    "isPriceAvailable": true,
    "channelAvailability": [
      "3_BE_STORE",
      "8_BE_STORE",
      "8_BE_COLLECT_NEXT_DAY",
      "8_BE_HOME_DELIVERY",
      "8_BE_HOME_DELIVERY_DRIVER"
    ],
    "businessDomain": "RETAIL_BE",
    "walkRouteSequenceNumber": 3923,
    "isAvailable": true,
    "inPromo": false,
    "topCategoryName": "Boissons",
    "topCategoryId": "354",
    "categories": [
      {
        "name": "Boissons",
        "id": "354",
        "children": [
          {
            "name": "Bi\u00e8res",
            "id": "389",
            "children": [
              {
                "name": "Blonde, blonde forte et triple b",
                "id": "394"
              }
            ]
          }
        ]
      }
    ],
    "IsPrivateLabel": false,
    "amount": 1.32,
    "IsBiffe": false,
    "foodPairing": [
      "Volaille",
      "Viande blanche",
      "Veggie",
      "Salade",
      "P\u00e2tes & pizza",
      "Fromages doux",
      "Barbecue"
    ],
    "IsWeightArticle": false,
    "WeightconversionFactor": "0",
    "IsBio": false,
    "CountryOfOrigin": "BELGIQUE",
    "IsExclusivelySoldInLuxembourg": false,
    "OrderUnit": "P",
    "AlcoholDisclaimermsg": true,
    "ShortName": "SUP8 FLANDRIEN 4X33CL",
    "IsNew": false,
    "amountUnit": "kg",
    "CountryOfOriginISO": "BE",
    "EcoscoreLabel": "D",
    "ShowAlcoholLegalMsg": true,
    "LongName": "SUPER 8 Flandrien 6.4%vol 4x33cl",
    "RecentQuanityOfStockUnits": "1",
    "AlcoholVolume": "6.4",
    "FicCode": "E",
    "DepositValue": [
      0.4
    ],
    "EcoscoreValue": "37"
  },
  {
    "technicalArticleNumber": "4090047",
    "commercialArticleNumber": "8042",
    "gtin": [
      "05400141283808",
      "05412858000081"
    ],
    "productId": "512929",
    "name": "8 9,2%vol",
    "description": "*Bi\u00e8re trappiste\n*9,2 % vol\n*Referment. en bout.",
    "brand": "TRAPPISTES ROCHEFORT",
    "seoBrand": "Trappistes Rochefort",
    "thumbNail": "https://static.colruytgroup.com/images/200x200/std.lang.all/78/63/asset-1907863.jpg",
    "fullImage": "https://static.colruytgroup.com/images/500x500/std.lang.all/78/63/asset-1907863.jpg",
    "squareImage": "https://static.colruytgroup.com/images/500x500sq/std.lang.all/78/63/asset-1907863.jpg",
    "content": "4x33cl",
    "price": {
      "basicPrice": 6.76,
      "recommendedQuantity": "1.0",
      "measurementUnitPrice": 5.13,
      "measurementUnit": "L",
      "isRedPrice": false,
      "pricePerUOM": 5.13,
      "activationDate": "12-04-2025",
      "recordSource": "Offline",
      "isPromoActive": "N",
      "priceChangeCode": "E",
      "priceReason": "Reaction"
    },
    "isPriceAvailable": true,
    "channelAvailability": [
      "3_BE_STORE",
      "8_BE_STORE",
      "8_BE_COLLECT_NEXT_DAY",
      "8_BE_HOME_DELIVERY",
      "8_BE_HOME_DELIVERY_DRIVER"
    ],
    "businessDomain": "RETAIL_BE",
    "walkRouteSequenceNumber": 3829,
    "isAvailable": true,
    "inPromo": false,
    "topCategoryName": "Boissons",
    "topCategoryId": "354",
    "categories": [
      {
        "name": "Boissons",
        "id": "354",
        "children": [
          {
            "name": "Bi\u00e8res",
            "id": "389",
            "children": [
              {
                "name": "Bi\u00e8re d'Abbaye et Trappiste brune",
                "id": "1851"
              }
            ]
          }
        ]
      }
    ],
    "IsPrivateLabel": false,
    "amount": 1.32,
    "IsBiffe": false,
    "foodPairing": [
      "Gibier",
      "Viande rouge",
      "Desserts",
      "Fromages forts"
    ],
    "IsWeightArticle": false,
    "WeightconversionFactor": "0",
    "IsBio": false,
    "CountryOfOrigin": "BELGIQUE",
    "IsExclusivelySoldInLuxembourg": false,
    "OrderUnit": "P",
    "AlcoholDisclaimermsg": true,
    "ShortName": "ROCHEF 8 TRAP 4X33CL",
    "IsNew": false,
    "amountUnit": "kg",
    "CountryOfOriginISO": "BE",
    "EcoscoreLabel": "D",
    "ShowAlcoholLegalMsg": true,
    "LongName": "TRAPPISTES ROCHEFORT 8 9,2%vol 4x33cl",
    "RecentQuanityOfStockUnits": "1",
    "AlcoholVolume": "9.2",
    "FicCode": "I",
    "DepositValue": [
      0.4
    ],
    "EcoscoreValue": "37"
  },
  {
    "technicalArticleNumber": "2322429",
    "commercialArticleNumber": "18440",
    "gtin": [
      "05400141184402",
      "05411551130392"
    ],
    "productId": "59606",
    "name": "bi\u00e8re P\u00eache Mel 8,5%vol",
    "description": "*Bi\u00e8re fruit\u00e9e\n*8,5 % vol\n*Go\u00fbt: p\u00eache",
    "brand": "BUSH",
    "seoBrand": "Bush",
    "thumbNail": "https://static.colruytgroup.com/images/200x200/std.lang.all/77/25/asset-3417725.jpg",
    "fullImage": "https://static.colruytgroup.com/images/500x500/std.lang.all/77/25/asset-3417725.jpg",
    "squareImage": "https://static.colruytgroup.com/images/500x500sq/std.lang.all/77/25/asset-3417725.jpg",
    "content": "6x33cl",
    "price": {
      "basicPrice": 6.85,
      "recommendedQuantity": "1.0",
      "measurementUnitPrice": 3.46,
      "measurementUnit": "L",
      "isRedPrice": false,
      "pricePerUOM": 3.46,
      "activationDate": "23-05-2025",
      "recordSource": "Folder",
      "isPromoActive": "N",
      "priceChangeCode": "L",
      "priceReason": "Reaction"
    },
    "isPriceAvailable": true,
    "channelAvailability": [
      "3_BE_STORE",
      "8_BE_STORE",
      "8_LU_STORE",
      "8_BE_COLLECT_NEXT_DAY",
      "8_BE_HOME_DELIVERY_DRIVER"
    ],
    "businessDomain": "RETAIL_BE",
    "walkRouteSequenceNumber": 4033,
    "isAvailable": true,
    "inPromo": false,
    "topCategoryName": "Boissons",
    "topCategoryId": "354",
    "categories": [
      {
        "name": "Boissons",
        "id": "354",
        "children": [
          {
            "name": "Bi\u00e8res",
            "id": "389",
            "children": [
              {
                "name": "Bi\u00e8re blanche, bi\u00e8re aux fruits et bi",
                "id": "395"
              }
            ]
          }
        ]
      }
    ],
    "IsPrivateLabel": false,
    "amount": 1.98,
    "IsBiffe": false,
    "foodPairing": [
      "Ap\u00e9ritif",
      "Volaille",
      "Desserts",
      "Poisson",
      "Gibier",
      "Salade"
    ],
    "IsWeightArticle": false,
    "WeightconversionFactor": "0",
    "IsBio": false,
    "CountryOfOrigin": "BELGIQUE",
    "IsExclusivelySoldInLuxembourg": false,
    "OrderUnit": "P",
    "AlcoholDisclaimermsg": true,
    "ShortName": "PECHE MEL BUSH 6X33",
    "IsNew": false,
    "amountUnit": "kg",
    "CountryOfOriginISO": "BE",
    "EcoscoreLabel": "D",
    "ShowAlcoholLegalMsg": true,
    "LongName": "BUSH bi\u00e8re P\u00eache Mel 8,5%vol 6x33cl",
    "RecentQuanityOfStockUnits": "1",
    "AlcoholVolume": "8.5",
    "FicCode": "E",
    "DepositValue": [
      0.6
    ],
    "EcoscoreValue": "37"
  },
  {
    "technicalArticleNumber": "4604410",
    "commercialArticleNumber": "19121",
    "gtin": [
      "05411551300917",
      "05400141432190"
    ],
    "productId": "795299",
    "name": "8,5%",
    "description": "*Bi\u00e8re fruit\u00e9e\n*Go\u00fbt: framboise\n*8,5 % vol",
    "brand": "FRAM'BUSH",
    "seoBrand": "Fram'Bush",
    "thumbNail": "https://static.colruytgroup.com/images/200x200/std.lang.all/89/44/asset-2818944.jpg",
    "fullImage": "https://static.colruytgroup.com/images/500x500/std.lang.all/89/44/asset-2818944.jpg",
    "squareImage": "https://static.colruytgroup.com/images/500x500sq/std.lang.all/89/44/asset-2818944.jpg",
    "content": "6x33cl",
    "price": {
      "basicPrice": 6.85,
      "recommendedQuantity": "1.0",
      "measurementUnitPrice": 3.46,
      "measurementUnit": "L",
      "isRedPrice": false,
      "pricePerUOM": 3.46,
      "activationDate": "23-05-2025",
      "recordSource": "Folder",
      "isPromoActive": "N",
      "priceChangeCode": "L",
      "priceReason": "Reaction"
    },
    "isPriceAvailable": true,
    "channelAvailability": [
      "8_BE_STORE",
      "8_BE_COLLECT_NEXT_DAY",
      "8_BE_HOME_DELIVERY_DRIVER"
    ],
    "businessDomain": "RETAIL_BE",
    "walkRouteSequenceNumber": 4031,
    "isAvailable": true,
    "inPromo": false,
    "topCategoryName": "Boissons",
    "topCategoryId": "354",
    "categories": [
      {
        "name": "Boissons",
        "id": "354",
        "children": [
          {
            "name": "Bi\u00e8res",
            "id": "389",
            "children": [
              {
                "name": "Bi\u00e8re blanche, bi\u00e8re aux fruits et bi",
                "id": "395"
              }
            ]
          }
        ]
      }
    ],
    "IsPrivateLabel": false,
    "amount": 1.98,
    "IsBiffe": false,
    "foodPairing": [
      "Volaille",
      "Fromages forts",
      "Ap\u00e9ritif",
      "Desserts",
      "P\u00e2tes & pizza",
      "Gibier",
      "Viande blanche",
      "Veggie",
      "Salade",
      "Barbecue"
    ],
    "IsWeightArticle": false,
    "WeightconversionFactor": "0",
    "IsBio": false,
    "CountryOfOrigin": "BELGIQUE",
    "IsExclusivelySoldInLuxembourg": false,
    "OrderUnit": "P",
    "AlcoholDisclaimermsg": true,
    "ShortName": "FRAM BIERE 8.5% 6X33CL",
    "IsNew": false,
    "amountUnit": "kg",
    "CountryOfOriginISO": "BE",
    "ShowAlcoholLegalMsg": true,
    "LongName": "FRAM'BUSH 8,5% 6x33cl",
    "RecentQuanityOfStockUnits": "1",
    "AlcoholVolume": "8.5",
    "FicCode": "E",
    "DepositValue": [
      0.6
    ]
  },
  {
    "technicalArticleNumber": "4416262",
    "commercialArticleNumber": "16757",
    "gtin": [
      "05412983233026",
      "05412983232036"
    ],
    "productId": "690091",
    "name": "triple 10%",
    "description": "*Bi\u00e8re d'abbaye\n*Blonde\n*10 % vol",
    "brand": "PAIX DIEU",
    "seoBrand": "Paix Dieu",
    "thumbNail": "https://static.colruytgroup.com/images/200x200/std.lang.all/18/11/asset-2371811.jpg",
    "fullImage": "https://static.colruytgroup.com/images/500x500/std.lang.all/18/11/asset-2371811.jpg",
    "squareImage": "https://static.colruytgroup.com/images/500x500sq/std.lang.all/18/11/asset-2371811.jpg",
    "content": "75cl",
    "price": {
      "basicPrice": 6.95,
      "recommendedQuantity": "1.0",
      "quantityPrice": 6.39,
      "quantityPriceQuantity": "6.0",
      "measurementUnitPrice": 9.27,
      "measurementUnitQuantityPrice": 8.52,
      "measurementUnit": "L",
      "isRedPrice": false,
      "pricePerUOM": 9.27,
      "activationDate": "19-04-2025",
      "recordSource": "Offline",
      "isPromoActive": "N",
      "priceChangeCode": "E",
      "quantityPricePerUOM": 8.52,
      "quantityActivationDate": "19-04-2025",
      "quantityPriceChangeCode": "E",
      "priceReason": "Reaction"
    },
    "isPriceAvailable": true,
    "channelAvailability": [
      "8_BE_STORE",
      "8_LU_STORE",
      "8_BE_COLLECT_NEXT_DAY",
      "8_BE_HOME_DELIVERY_DRIVER"
    ],
    "businessDomain": "RETAIL_BE",
    "walkRouteSequenceNumber": 3816,
    "isAvailable": true,
    "inPromo": false,
    "topCategoryName": "Boissons",
    "topCategoryId": "354",
    "categories": [
      {
        "name": "Boissons",
        "id": "354",
        "children": [
          {
            "name": "Bi\u00e8res",
            "id": "389",
            "children": [
              {
                "name": "Bi\u00e8res 75cl, Emballages Cadeaux",
                "id": "1066"
              }
            ]
          }
        ]
      }
    ],
    "IsPrivateLabel": false,
    "amount": 0.75,
    "IsBiffe": false,
    "foodPairing": [
      "Crustac\u00e9s",
      "Gibier",
      "Fromages forts",
      "Viande rouge",
      "P\u00e2tes & pizza",
      "Poisson",
      "Desserts"
    ],
    "IsWeightArticle": false,
    "WeightconversionFactor": "0",
    "IsBio": false,
    "CountryOfOrigin": "BELGIQUE",
    "IsExclusivelySoldInLuxembourg": false,
    "OrderUnit": "P",
    "AlcoholDisclaimermsg": true,
    "ShortName": "PAIX TRIPLE 10% 75CL",
    "IsNew": false,
    "amountUnit": "kg",
    "CountryOfOriginISO": "BE",
    "servings": {
      "source": "0.0",
      "parsedValue": 0
    },
    "EcoscoreLabel": "D",
    "ShowAlcoholLegalMsg": true,
    "LongName": "PAIX DIEU triple 10% 75cl",
    "RecentQuanityOfStockUnits": "6,1",
    "AlcoholVolume": "10",
    "FicCode": "E",
    "EcoscoreValue": "37"
  },
  {
    "technicalArticleNumber": "4253056",
    "commercialArticleNumber": "21086",
    "gtin": [
      "05410218006742",
      "05410218007008",
      "05410218007619",
      "05410218007626"
    ],
    "productId": "593319",
    "name": "6,5%vol",
    "description": "*6,5 % vol",
    "brand": "BLONDEN OS",
    "seoBrand": "Blonden Os",
    "thumbNail": "https://static.colruytgroup.com/images/200x200/std.lang.all/78/80/asset-2477880.jpg",
    "fullImage": "https://static.colruytgroup.com/images/500x500/std.lang.all/78/80/asset-2477880.jpg",
    "squareImage": "https://static.colruytgroup.com/images/500x500sq/std.lang.all/78/80/asset-2477880.jpg",
    "content": "4x33cl",
    "price": {
      "basicPrice": 6.96,
      "recommendedQuantity": "1.0",
      "quantityPrice": 6.4,
      "quantityPriceQuantity": "3.0",
      "measurementUnitPrice": 5.28,
      "measurementUnitQuantityPrice": 4.85,
      "measurementUnit": "L",
      "isRedPrice": false,
      "pricePerUOM": 5.28,
      "activationDate": "15-05-2025",
      "recordSource": "Online",
      "isPromoActive": "N",
      "priceChangeCode": "H",
      "quantityPricePerUOM": 4.85,
      "quantityActivationDate": "15-05-2025",
      "quantityPriceChangeCode": "H",
      "priceReason": "Reaction"
    },
    "isPriceAvailable": true,
    "channelAvailability": [
      "8_BE_STORE",
      "8_BE_COLLECT_NEXT_DAY",
      "8_BE_HOME_DELIVERY",
      "8_BE_HOME_DELIVERY_DRIVER"
    ],
    "businessDomain": "RETAIL_BE",
    "walkRouteSequenceNumber": 3918,
    "isAvailable": true,
    "inPromo": false,
    "topCategoryName": "Boissons",
    "topCategoryId": "354",
    "categories": [
      {
        "name": "Boissons",
        "id": "354",
        "children": [
          {
            "name": "Bi\u00e8res",
            "id": "389",
            "children": [
              {
                "name": "Blonde, blonde forte et triple b",
                "id": "394"
              }
            ]
          }
        ]
      }
    ],
    "IsPrivateLabel": false,
    "amount": 1.32,
    "IsBiffe": false,
    "foodPairing": [
      "Volaille",
      "Viande blanche",
      "Veggie",
      "Crustac\u00e9s",
      "Poisson",
      "Fromages doux",
      "Salade"
    ],
    "IsWeightArticle": false,
    "WeightconversionFactor": "0",
    "IsBio": false,
    "CountryOfOrigin": "BELGIQUE",
    "IsExclusivelySoldInLuxembourg": false,
    "OrderUnit": "P",
    "AlcoholDisclaimermsg": true,
    "ShortName": "BLOS 6.5% 4X33CL",
    "IsNew": false,
    "amountUnit": "kg",
    "CountryOfOriginISO": "BE",
    "EcoscoreLabel": "D",
    "ShowAlcoholLegalMsg": true,
    "LongName": "BLONDEN OS 6,5%vol 4x33cl",
    "RecentQuanityOfStockUnits": "1",
    "AlcoholVolume": "6.5",
    "FicCode": "E",
    "DepositValue": [
      0.4
    ],
    "EcoscoreValue": "37"
  },
  {
    "technicalArticleNumber": "4754799",
    "commercialArticleNumber": "4153",
    "gtin": [
      "05425006701426",
      "05400141610505"
    ],
    "productId": "892843",
    "name": "Precious IPA 5,9 %",
    "brand": "JACK'S",
    "seoBrand": "Jack's",
    "thumbNail": "https://static.colruytgroup.com/images/200x200/std.lang.all/71/98/asset-3377198.jpg",
    "fullImage": "https://static.colruytgroup.com/images/500x500/std.lang.all/71/98/asset-3377198.jpg",
    "squareImage": "https://static.colruytgroup.com/images/500x500sq/std.lang.all/71/98/asset-3377198.jpg",
    "content": "4x33cl",
    "price": {
      "basicPrice": 6.99,
      "recommendedQuantity": "1.0",
      "measurementUnitPrice": 5.3,
      "measurementUnit": "L",
      "isRedPrice": false,
      "pricePerUOM": 5.3,
      "activationDate": "03-06-2025",
      "isPromoActive": "N",
      "priceChangeCode": "L",
      "priceReason": "FALLBACK"
    },
    "isPriceAvailable": true,
    "channelAvailability": [
      "8_BE_STORE",
      "8_BE_COLLECT_NEXT_DAY",
      "8_BE_HOME_DELIVERY_DRIVER"
    ],
    "businessDomain": "RETAIL_BE",
    "walkRouteSequenceNumber": 3972,
    "isAvailable": true,
    "inPromo": false,
    "topCategoryName": "Boissons",
    "topCategoryId": "354",
    "categories": [
      {
        "name": "Boissons",
        "id": "354",
        "children": [
          {
            "name": "Bi\u00e8res",
            "id": "389",
            "children": [
              {
                "name": "Blonde, blonde forte et triple b",
                "id": "394"
              }
            ]
          }
        ]
      }
    ],
    "IsPrivateLabel": false,
    "amount": 1.32,
    "IsBiffe": false,
    "foodPairing": [
      "Volaille",
      "Viande rouge",
      "Viande blanche",
      "Veggie",
      "Ap\u00e9ritif",
      "Poisson",
      "Fromages doux",
      "Desserts",
      "Barbecue",
      "P\u00e2tes & pizza"
    ],
    "IsWeightArticle": false,
    "WeightconversionFactor": "0",
    "IsBio": false,
    "CountryOfOrigin": "BELGIQUE",
    "IsExclusivelySoldInLuxembourg": false,
    "OrderUnit": "P",
    "AlcoholDisclaimermsg": true,
    "ShortName": "JACK PRECIOUS IPA4X33CL",
    "IsNew": false,
    "amountUnit": "kg",
    "CountryOfOriginISO": "BE",
    "ShowAlcoholLegalMsg": true,
    "LongName": "JACK'S Precious IPA 5,9 % 4x33cl",
    "RecentQuanityOfStockUnits": "1",
    "AlcoholVolume": "5.9",
    "FicCode": "E",
    "DepositValue": [
      0.4
    ]
  },
  {
    "technicalArticleNumber": "4803099",
    "commercialArticleNumber": "36110",
    "gtin": [
      "05400141696837",
      "05411676000471"
    ],
    "productId": "1059089",
    "name": "Bi\u00e8re Sans alcool 0,4%",
    "brand": "ANA HOP",
    "seoBrand": "Ana Hop",
    "thumbNail": "https://static.colruytgroup.com/images/200x200/std.lang.all/92/42/asset-3449242.jpg",
    "fullImage": "https://static.colruytgroup.com/images/500x500/std.lang.all/92/42/asset-3449242.jpg",
    "squareImage": "https://static.colruytgroup.com/images/500x500sq/std.lang.all/92/42/asset-3449242.jpg",
    "content": "4x33cl",
    "price": {
      "basicPrice": {
        "source": "7.0",
        "parsedValue": 7
      },
      "recommendedQuantity": "1.0",
      "quantityPrice": 6.72,
      "quantityPriceQuantity": "3.0",
      "measurementUnitPrice": 5.31,
      "measurementUnitQuantityPrice": 5.1,
      "measurementUnit": "L",
      "isRedPrice": false,
      "pricePerUOM": 5.31,
      "activationDate": "17-05-2025",
      "isPromoActive": "N",
      "priceChangeCode": "H",
      "quantityPricePerUOM": 5.1,
      "quantityActivationDate": "17-05-2025",
      "quantityPriceChangeCode": "H",
      "priceReason": "FALLBACK"
    },
    "isPriceAvailable": true,
    "channelAvailability": [
      "8_BE_STORE",
      "8_BE_COLLECT_NEXT_DAY",
      "8_BE_HOME_DELIVERY_DRIVER"
    ],
    "businessDomain": "RETAIL_BE",
    "walkRouteSequenceNumber": 4110,
    "isAvailable": true,
    "inPromo": false,
    "topCategoryName": "Boissons",
    "topCategoryId": "354",
    "categories": [
      {
        "name": "Boissons",
        "id": "354",
        "children": [
          {
            "name": "Bi\u00e8res",
            "id": "389",
            "children": [
              {
                "name": "Bi\u00e8res sans alcool",
                "id": "398"
              }
            ]
          }
        ]
      }
    ],
    "IsPrivateLabel": false,
    "amount": 1.32,
    "IsBiffe": false,
    "foodPairing": [
      "Barbecue",
      "P\u00e2tes & pizza",
      "Salade",
      "Crustac\u00e9s",
      "Fromages doux",
      "Poisson",
      "Ap\u00e9ritif",
      "Volaille",
      "Veggie",
      "Viande blanche"
    ],
    "IsWeightArticle": false,
    "WeightconversionFactor": "0",
    "nutriscoreLabel": "C",
    "IsBio": false,
    "CountryOfOrigin": "BELGIQUE",
    "IsExclusivelySoldInLuxembourg": false,
    "OrderUnit": "P",
    "AlcoholDisclaimermsg": false,
    "ShortName": "ANAH BIERE 0.4% 4X33CL",
    "IsNew": false,
    "amountUnit": "kg",
    "CountryOfOriginISO": "BE",
    "EcoscoreLabel": "D",
    "ShowAlcoholLegalMsg": false,
    "LongName": "ANA HOP Bi\u00e8re Sans alcool 0,4% 4x33cl",
    "RecentQuanityOfStockUnits": "1",
    "AlcoholVolume": "0.4",
    "FicCode": "E",
    "DepositValue": [
      0.4
    ],
    "EcoscoreValue": "37"
  },
  {
    "technicalArticleNumber": "3471020",
    "commercialArticleNumber": "12298",
    "gtin": [
      "05400141392883"
    ],
    "productId": "189304",
    "name": "trappiste doub. 7,0%vol",
    "description": "*Bi\u00e8re trappiste\n*7 % vol\n*Referment. en bout.",
    "brand": "WESTMALLE",
    "seoBrand": "Westmalle",
    "thumbNail": "https://static.colruytgroup.com/images/200x200/std.lang.all/31/68/asset-2483168.jpg",
    "fullImage": "https://static.colruytgroup.com/images/500x500/std.lang.all/31/68/asset-2483168.jpg",
    "squareImage": "https://static.colruytgroup.com/images/500x500sq/std.lang.all/31/68/asset-2483168.jpg",
    "content": "6x33cl",
    "price": {
      "basicPrice": 7.03,
      "recommendedQuantity": "1.0",
      "measurementUnitPrice": 3.56,
      "measurementUnit": "L",
      "isRedPrice": false,
      "pricePerUOM": 3.56,
      "activationDate": "14-05-2025",
      "recordSource": "Offline",
      "isPromoActive": "N",
      "priceChangeCode": "H",
      "priceReason": "Reaction"
    },
    "isPriceAvailable": true,
    "channelAvailability": [
      "3_BE_STORE",
      "8_BE_STORE",
      "8_BE_COLLECT_NEXT_DAY",
      "8_BE_HOME_DELIVERY",
      "8_BE_HOME_DELIVERY_DRIVER"
    ],
    "businessDomain": "RETAIL_BE",
    "walkRouteSequenceNumber": 3836,
    "isAvailable": true,
    "inPromo": false,
    "topCategoryName": "Boissons",
    "topCategoryId": "354",
    "categories": [
      {
        "name": "Boissons",
        "id": "354",
        "children": [
          {
            "name": "Bi\u00e8res",
            "id": "389",
            "children": [
              {
                "name": "Bi\u00e8re d'Abbaye et Trappiste brune",
                "id": "1851"
              }
            ]
          }
        ]
      }
    ],
    "IsPrivateLabel": false,
    "amount": 1.98,
    "IsBiffe": false,
    "foodPairing": [
      "Viande rouge",
      "Viande blanche",
      "Desserts",
      "Gibier",
      "Fromages forts",
      "Veggie"
    ],
    "IsWeightArticle": false,
    "WeightconversionFactor": "0",
    "IsBio": false,
    "CountryOfOrigin": "BELGIQUE",
    "IsExclusivelySoldInLuxembourg": false,
    "OrderUnit": "P",
    "AlcoholDisclaimermsg": true,
    "ShortName": "WESTMALLE DUBBEL 6X33CL",
    "IsNew": false,
    "amountUnit": "kg",
    "CountryOfOriginISO": "BE",
    "EcoscoreLabel": "D",
    "ShowAlcoholLegalMsg": true,
    "LongName": "WESTMALLE trappiste doub. 7,0%vol 6x33cl",
    "RecentQuanityOfStockUnits": "1",
    "AlcoholVolume": "7",
    "FicCode": "E",
    "DepositValue": [
      0.6
    ],
    "EcoscoreValue": "37"
  },
  {
    "technicalArticleNumber": "5371",
    "commercialArticleNumber": "5371",
    "gtin": [
      "05400141053715",
      "05412583240356"
    ],
    "productId": "409",
    "name": "bi\u00e8re abbaye double 6,6%",
    "description": "*Bi\u00e8re d'abbaye\n*6,5 % vol\n*Referment. en bout.",
    "brand": "ENAME",
    "seoBrand": "Ename",
    "thumbNail": "https://static.colruytgroup.com/images/200x200/std.lang.all/05/96/asset-3330596.jpg",
    "fullImage": "https://static.colruytgroup.com/images/500x500/std.lang.all/05/96/asset-3330596.jpg",
    "squareImage": "https://static.colruytgroup.com/images/500x500sq/std.lang.all/05/96/asset-3330596.jpg",
    "content": "6x33cl",
    "price": {
      "basicPrice": 7.08,
      "recommendedQuantity": "1.0",
      "measurementUnitPrice": 3.58,
      "measurementUnit": "L",
      "isRedPrice": false,
      "pricePerUOM": 3.58,
      "activationDate": "10-05-2025",
      "recordSource": "Online",
      "isPromoActive": "N",
      "priceChangeCode": "L",
      "priceReason": "Reaction"
    },
    "isPriceAvailable": true,
    "channelAvailability": [
      "8_BE_STORE",
      "8_BE_COLLECT_NEXT_DAY",
      "8_BE_HOME_DELIVERY_DRIVER"
    ],
    "businessDomain": "RETAIL_BE",
    "walkRouteSequenceNumber": 3863,
    "isAvailable": true,
    "inPromo": true,
    "promotion": [
      {
        "techPromoId": "101244COLR",
        "promotionId": "101244",
        "promotionType": "3",
        "isPersonalized": "N",
        "publicationStartDate": "04-06-2025",
        "publicationEndDate": "17-06-2025",
        "topPromo": false
      }
    ],
    "topCategoryName": "Boissons",
    "topCategoryId": "354",
    "categories": [
      {
        "name": "Boissons",
        "id": "354",
        "children": [
          {
            "name": "Bi\u00e8res",
            "id": "389",
            "children": [
              {
                "name": "Bi\u00e8re d'Abbaye, Trappiste blonde & amb",
                "id": "391"
              }
            ]
          }
        ]
      }
    ],
    "foodPairing": [
      "Viande rouge",
      "Viande blanche",
      "Veggie",
      "Gibier",
      "Fromages forts",
      "Desserts"
    ],
    "CountryOfOrigin": "BELGIQUE",
    "IsExclusivelySoldInLuxembourg": false,
    "OrderUnit": "P",
    "AlcoholDisclaimermsg": true,
    "InSeason": true,
    "ShortName": "ENAME DOUBLE 6X33CL",
    "IsNew": false,
    "ShowAlcoholLegalMsg": true,
    "RecentQuanityOfStockUnits": "1",
    "FicCode": "E",
    "IsPrivateLabel": false,
    "amount": 1.98,
    "IsBiffe": false,
    "IsWeightArticle": false,
    "WeightconversionFactor": "0",
    "IsBio": false,
    "amountUnit": "kg",
    "CountryOfOriginISO": "BE",
    "EcoscoreLabel": "B",
    "LongName": "ENAME bi\u00e8re abbaye double 6,6% 6x33cl",
    "AlcoholVolume": "6.6",
    "StartSeasonDate": "27/08/2024",
    "DepositValue": [
      0.6
    ],
    "EcoscoreValue": "73"
  },
  {
    "technicalArticleNumber": "4800023",
    "commercialArticleNumber": "13678",
    "gtin": [
      "05410263929577",
      "05410263929584",
      "05410263929560"
    ],
    "productId": "1050907",
    "name": "Original 5,9%",
    "description": "*Latin spirit bi\u00e8re\n*Agave\n*L\u00e9g\u00e8rement \u00e9pic\u00e9e\n*Servir tr\u00e8s frais\n*5,9% VOL",
    "brand": "DESPERADOS",
    "seoBrand": "Desperados",
    "thumbNail": "https://static.colruytgroup.com/images/200x200/std.lang.all/15/69/asset-3461569.jpg",
    "fullImage": "https://static.colruytgroup.com/images/500x500/std.lang.all/15/69/asset-3461569.jpg",
    "squareImage": "https://static.colruytgroup.com/images/500x500sq/std.lang.all/15/69/asset-3461569.jpg",
    "content": "6x33cl",
    "price": {
      "basicPrice": 7.1,
      "recommendedQuantity": "1.0",
      "measurementUnitPrice": 3.59,
      "measurementUnit": "L",
      "isRedPrice": false,
      "pricePerUOM": 3.59,
      "activationDate": "23-05-2025",
      "recordSource": "Folder",
      "isPromoActive": "N",
      "priceChangeCode": "L",
      "priceReason": "Reaction"
    },
    "isPriceAvailable": true,
    "channelAvailability": [
      "3_BE_STORE",
      "8_BE_STORE",
      "8_BE_COLLECT_NEXT_DAY",
      "8_BE_HOME_DELIVERY",
      "8_BE_HOME_DELIVERY_DRIVER"
    ],
    "businessDomain": "RETAIL_BE",
    "walkRouteSequenceNumber": 4077,
    "isAvailable": true,
    "inPromo": false,
    "topCategoryName": "Boissons",
    "topCategoryId": "354",
    "categories": [
      {
        "name": "Boissons",
        "id": "354",
        "children": [
          {
            "name": "Bi\u00e8res",
            "id": "389",
            "children": [
              {
                "name": "Bi\u00e8re blanche, bi\u00e8re aux fruits et bi",
                "id": "395"
              }
            ]
          }
        ]
      }
    ],
    "IsPrivateLabel": false,
    "amount": 1.98,
    "IsBiffe": false,
    "foodPairing": [
      "Ap\u00e9ritif",
      "P\u00e2tes & pizza",
      "Barbecue"
    ],
    "IsWeightArticle": false,
    "WeightconversionFactor": "0",
    "IsBio": false,
    "CountryOfOrigin": "BELGIQUE",
    "IsExclusivelySoldInLuxembourg": false,
    "OrderUnit": "P",
    "AlcoholDisclaimermsg": true,
    "ShortName": "DESP ORIGINAL 6X33CL",
    "IsNew": false,
    "amountUnit": "kg",
    "CountryOfOriginISO": "BE",
    "EcoscoreLabel": "D",
    "ShowAlcoholLegalMsg": true,
    "LongName": "DESPERADOS Original 5,9% 6x33cl",
    "RecentQuanityOfStockUnits": "1,4",
    "AlcoholVolume": "5.9",
    "FicCode": "E",
    "DepositValue": [
      0.6
    ],
    "EcoscoreValue": "37"
  },
  {
    "technicalArticleNumber": "4566556",
    "commercialArticleNumber": "5491",
    "gtin": [
      "05410228292241",
      "05410228292128",
      "05410228292203"
    ],
    "productId": "775737",
    "name": "pils 0,0%",
    "description": "*Bi\u00e8re sans alcool\n*Pils\n*0% vol",
    "brand": "CORONA",
    "seoBrand": "Corona",
    "thumbNail": "https://static.colruytgroup.com/images/200x200/std.lang.all/12/95/asset-2821295.jpg",
    "fullImage": "https://static.colruytgroup.com/images/500x500/std.lang.all/12/95/asset-2821295.jpg",
    "squareImage": "https://static.colruytgroup.com/images/500x500sq/std.lang.all/12/95/asset-2821295.jpg",
    "content": "6x33cl",
    "price": {
      "basicPrice": 7.11,
      "recommendedQuantity": "1.0",
      "measurementUnitPrice": 3.6,
      "measurementUnit": "L",
      "isRedPrice": false,
      "pricePerUOM": 3.6,
      "activationDate": "05-06-2025",
      "recordSource": "Folder",
      "isPromoActive": "N",
      "priceChangeCode": "E",
      "priceReason": "Reaction"
    },
    "isPriceAvailable": true,
    "channelAvailability": [
      "3_BE_STORE",
      "8_BE_STORE",
      "8_LU_STORE",
      "8_BE_COLLECT_NEXT_DAY",
      "8_BE_HOME_DELIVERY",
      "8_BE_HOME_DELIVERY_DRIVER"
    ],
    "businessDomain": "RETAIL_BE",
    "walkRouteSequenceNumber": 4127,
    "isAvailable": true,
    "inPromo": true,
    "promotion": [
      {
        "techPromoId": "101270COLR",
        "promotionId": "101270",
        "promotionType": "3",
        "isPersonalized": "N",
        "publicationStartDate": "04-06-2025",
        "publicationEndDate": "17-06-2025",
        "topPromo": false
      }
    ],
    "topCategoryName": "Boissons",
    "topCategoryId": "354",
    "categories": [
      {
        "name": "Boissons",
        "id": "354",
        "children": [
          {
            "name": "Bi\u00e8res",
            "id": "389",
            "children": [
              {
                "name": "Bi\u00e8res sans alcool",
                "id": "398"
              }
            ]
          }
        ]
      }
    ],
    "IsPrivateLabel": false,
    "amount": 1.98,
    "IsBiffe": false,
    "foodPairing": [
      "Fromage : fromages \u00e0 p\u00e2te molle",
      "Ap\u00e9ritif",
      "Fruits de mer",
      "Gibier",
      "Plats v\u00e9g\u00e9tariens",
      "Poisson",
      "P\u00e2tes & pizza",
      "Salade",
      "Viande blanche",
      "Volaille"
    ],
    "IsWeightArticle": false,
    "WeightconversionFactor": "0",
    "nutriscoreLabel": "B",
    "IsBio": false,
    "CountryOfOrigin": "BELGIQUE",
    "IsExclusivelySoldInLuxembourg": false,
    "OrderUnit": "P",
    "AlcoholDisclaimermsg": false,
    "InSeason": true,
    "ShortName": "CORO PILS 0% 6X33CL",
    "IsNew": false,
    "amountUnit": "kg",
    "CountryOfOriginISO": "BE",
    "ShowAlcoholLegalMsg": false,
    "LongName": "CORONA pils 0,0% 6x33cl",
    "RecentQuanityOfStockUnits": "4,1",
    "AlcoholVolume": "0",
    "StartSeasonDate": "12/02/2025",
    "FicCode": "E"
  },
  {
    "technicalArticleNumber": "4197614",
    "commercialArticleNumber": "1464",
    "gtin": [
      "05400141341812",
      "08711406995075",
      "08711406995082"
    ],
    "productId": "560042",
    "name": "trappist blond 6,5%vol",
    "description": "*Bi\u00e8re trappiste\n*Blonde\n*6,5 % vol",
    "brand": "LA TRAPPE",
    "seoBrand": "La Trappe",
    "thumbNail": "https://static.colruytgroup.com/images/200x200/std.lang.all/34/71/asset-1933471.jpg",
    "fullImage": "https://static.colruytgroup.com/images/500x500/std.lang.all/34/71/asset-1933471.jpg",
    "squareImage": "https://static.colruytgroup.com/images/500x500sq/std.lang.all/34/71/asset-1933471.jpg",
    "content": "6x33cl",
    "price": {
      "basicPrice": 7.14,
      "recommendedQuantity": "1.0",
      "measurementUnitPrice": 3.61,
      "measurementUnit": "L",
      "isRedPrice": false,
      "pricePerUOM": 3.61,
      "activationDate": "30-10-2024",
      "recordSource": "Offline",
      "isPromoActive": "N",
      "priceChangeCode": "H",
      "priceReason": "Reaction"
    },
    "isPriceAvailable": true,
    "channelAvailability": [
      "8_BE_STORE",
      "8_LU_STORE",
      "8_BE_COLLECT_NEXT_DAY",
      "8_BE_HOME_DELIVERY",
      "8_BE_HOME_DELIVERY_DRIVER"
    ],
    "businessDomain": "RETAIL_BE",
    "walkRouteSequenceNumber": 3832,
    "isAvailable": true,
    "inPromo": false,
    "topCategoryName": "Boissons",
    "topCategoryId": "354",
    "categories": [
      {
        "name": "Boissons",
        "id": "354",
        "children": [
          {
            "name": "Bi\u00e8res",
            "id": "389",
            "children": [
              {
                "name": "Bi\u00e8re d'Abbaye, Trappiste blonde & amb",
                "id": "391"
              }
            ]
          }
        ]
      }
    ],
    "IsPrivateLabel": false,
    "amount": 1.98,
    "IsBiffe": false,
    "foodPairing": [
      "Fromages doux",
      "Poisson",
      "Salade",
      "Veggie",
      "Viande blanche",
      "Volaille"
    ],
    "IsWeightArticle": false,
    "WeightconversionFactor": "0",
    "IsBio": false,
    "CountryOfOrigin": "PAYS-BAS",
    "IsExclusivelySoldInLuxembourg": false,
    "OrderUnit": "P",
    "AlcoholDisclaimermsg": true,
    "ShortName": "LATR TRAP. BLOND 6X33CL",
    "IsNew": false,
    "amountUnit": "kg",
    "CountryOfOriginISO": "NL",
    "EcoscoreLabel": "D",
    "ShowAlcoholLegalMsg": true,
    "LongName": "LA TRAPPE trappist blond 6,5%vol 6x33cl",
    "RecentQuanityOfStockUnits": "1",
    "AlcoholVolume": "6.5",
    "FicCode": "E",
    "DepositValue": [
      0.6
    ],
    "EcoscoreValue": "37"
  },
  {
    "technicalArticleNumber": "4063483",
    "commercialArticleNumber": "7085",
    "gtin": [
      "05410971230262",
      "05410971037267",
      "05410971130265"
    ],
    "productId": "467997",
    "name": "IPA 6.0%vol",
    "description": "*Bi\u00e8re ambr\u00e9e\n*6% vol",
    "brand": "SUPER 8",
    "seoBrand": "Super 8",
    "thumbNail": "https://static.colruytgroup.com/images/200x200/std.lang.all/72/32/asset-3797232.jpg",
    "fullImage": "https://static.colruytgroup.com/images/500x500/std.lang.all/72/32/asset-3797232.jpg",
    "squareImage": "https://static.colruytgroup.com/images/500x500sq/std.lang.all/72/32/asset-3797232.jpg",
    "content": "4x33cl",
    "price": {
      "basicPrice": 7.15,
      "recommendedQuantity": "1.0",
      "quantityPrice": 3.57,
      "quantityPriceQuantity": "2.0",
      "measurementUnitPrice": 5.42,
      "measurementUnitQuantityPrice": 2.71,
      "measurementUnit": "L",
      "isRedPrice": false,
      "pricePerUOM": 5.42,
      "activationDate": "28-05-2025",
      "recordSource": "Offline",
      "isPromoActive": "N",
      "priceChangeCode": "E",
      "quantityPricePerUOM": 2.71,
      "quantityActivationDate": "28-05-2025",
      "quantityPriceChangeCode": "L",
      "priceReason": "Reaction"
    },
    "isPriceAvailable": true,
    "channelAvailability": [
      "8_BE_STORE",
      "8_LU_STORE",
      "8_BE_COLLECT_NEXT_DAY",
      "8_BE_HOME_DELIVERY",
      "8_BE_HOME_DELIVERY_DRIVER"
    ],
    "businessDomain": "RETAIL_BE",
    "walkRouteSequenceNumber": 3921,
    "isAvailable": true,
    "inPromo": false,
    "topCategoryName": "Boissons",
    "topCategoryId": "354",
    "categories": [
      {
        "name": "Boissons",
        "id": "354",
        "children": [
          {
            "name": "Bi\u00e8res",
            "id": "389",
            "children": [
              {
                "name": "Blonde, blonde forte et triple b",
                "id": "394"
              }
            ]
          }
        ]
      }
    ],
    "IsPrivateLabel": false,
    "amount": 1.32,
    "IsBiffe": false,
    "foodPairing": [
      "Ap\u00e9ritif",
      "Barbecue",
      "Fromages forts",
      "Poisson",
      "P\u00e2tes & pizza",
      "Salade",
      "Veggie",
      "Viande blanche"
    ],
    "IsWeightArticle": false,
    "WeightconversionFactor": "0",
    "IsBio": false,
    "CountryOfOrigin": "BELGIQUE",
    "IsExclusivelySoldInLuxembourg": false,
    "OrderUnit": "P",
    "AlcoholDisclaimermsg": true,
    "ShortName": "SUP8 IPA 4X33CL",
    "IsNew": false,
    "amountUnit": "kg",
    "CountryOfOriginISO": "BE",
    "EcoscoreLabel": "D",
    "ShowAlcoholLegalMsg": true,
    "LongName": "SUPER 8 IPA 6.0%vol 4x33cl",
    "RecentQuanityOfStockUnits": "1",
    "AlcoholVolume": "6",
    "FicCode": "E",
    "DepositValue": [
      0.4
    ],
    "EcoscoreValue": "37"
  },
  {
    "technicalArticleNumber": "4795875",
    "commercialArticleNumber": "35860",
    "gtin": [
      "05411663705389"
    ],
    "productId": "1035678",
    "name": "Triple 7,5%",
    "description": "*Triple\n*Bi\u00e8re blanche\n*7,5% vol",
    "brand": "FOURCHETTE",
    "seoBrand": "Fourchette",
    "thumbNail": "https://static.colruytgroup.com/images/200x200/std.lang.all/84/93/asset-3438493.jpg",
    "fullImage": "https://static.colruytgroup.com/images/500x500/std.lang.all/84/93/asset-3438493.jpg",
    "squareImage": "https://static.colruytgroup.com/images/500x500sq/std.lang.all/84/93/asset-3438493.jpg",
    "content": "4x33cl",
    "price": {
      "basicPrice": 7.16,
      "recommendedQuantity": "1.0",
      "measurementUnitPrice": 5.43,
      "measurementUnit": "L",
      "isRedPrice": false,
      "pricePerUOM": 5.43,
      "activationDate": "23-04-2025",
      "recordSource": "Offline",
      "isPromoActive": "Y",
      "priceChangeCode": "E",
      "priceReason": "Reaction"
    },
    "isPriceAvailable": true,
    "channelAvailability": [
      "8_BE_STORE",
      "8_LU_STORE",
      "8_BE_COLLECT_NEXT_DAY",
      "8_BE_HOME_DELIVERY",
      "8_BE_HOME_DELIVERY_DRIVER"
    ],
    "businessDomain": "RETAIL_BE",
    "walkRouteSequenceNumber": 3917,
    "isAvailable": true,
    "inPromo": false,
    "topCategoryName": "Boissons",
    "topCategoryId": "354",
    "categories": [
      {
        "name": "Boissons",
        "id": "354",
        "children": [
          {
            "name": "Bi\u00e8res",
            "id": "389",
            "children": [
              {
                "name": "Blonde, blonde forte et triple b",
                "id": "394"
              }
            ]
          }
        ]
      }
    ],
    "IsPrivateLabel": false,
    "amount": 1.32,
    "IsBiffe": false,
    "foodPairing": [
      "Volaille",
      "Viande blanche",
      "Veggie",
      "Salade",
      "P\u00e2tes & pizza",
      "Ap\u00e9ritif",
      "Fromages forts",
      "Fromages doux",
      "Desserts",
      "Crustac\u00e9s",
      "Barbecue",
      "Poisson"
    ],
    "IsWeightArticle": false,
    "WeightconversionFactor": "0",
    "IsBio": false,
    "CountryOfOrigin": "BELGIQUE",
    "IsExclusivelySoldInLuxembourg": false,
    "OrderUnit": "P",
    "AlcoholDisclaimermsg": true,
    "ShortName": "FOUR TRIPEL 7.5% 4X33CL",
    "IsNew": false,
    "amountUnit": "kg",
    "CountryOfOriginISO": "BE",
    "EcoscoreLabel": "D",
    "ShowAlcoholLegalMsg": true,
    "LongName": "FOURCHETTE Triple 7,5% 4x33cl",
    "RecentQuanityOfStockUnits": "1",
    "AlcoholVolume": "7.5",
    "FicCode": "E",
    "DepositValue": [
      0.4
    ],
    "EcoscoreValue": "37"
  },
  {
    "technicalArticleNumber": "4714803",
    "commercialArticleNumber": "31912",
    "gtin": [
      "05400141657432",
      "08711406344538"
    ],
    "productId": "863402",
    "name": "Trappiste Nillis 0%",
    "description": "*Bi\u00e8re trappiste\n*Ambr\u00e9e,\nbrune\n*0% vol",
    "brand": "LA TRAPPE",
    "seoBrand": "La Trappe",
    "thumbNail": "https://static.colruytgroup.com/images/200x200/std.lang.all/54/42/asset-3225442.jpg",
    "fullImage": "https://static.colruytgroup.com/images/500x500/std.lang.all/54/42/asset-3225442.jpg",
    "squareImage": "https://static.colruytgroup.com/images/500x500sq/std.lang.all/54/42/asset-3225442.jpg",
    "content": "4x33cl",
    "price": {
      "basicPrice": 7.16,
      "recommendedQuantity": "1.0",
      "quantityPrice": 6.59,
      "quantityPriceQuantity": "3.0",
      "measurementUnitPrice": 5.43,
      "measurementUnitQuantityPrice": {
        "source": "5.0",
        "parsedValue": 5
      },
      "measurementUnit": "L",
      "isRedPrice": false,
      "pricePerUOM": 5.43,
      "activationDate": "20-05-2025",
      "isPromoActive": "Y",
      "priceChangeCode": "E",
      "quantityPricePerUOM": {
        "source": "5.0",
        "parsedValue": 5
      },
      "quantityActivationDate": "20-05-2025",
      "quantityPriceChangeCode": "E",
      "priceReason": "Promo"
    },
    "isPriceAvailable": true,
    "channelAvailability": [
      "8_BE_STORE",
      "8_LU_STORE",
      "8_BE_COLLECT_NEXT_DAY",
      "8_BE_HOME_DELIVERY",
      "8_BE_HOME_DELIVERY_DRIVER"
    ],
    "businessDomain": "RETAIL_BE",
    "walkRouteSequenceNumber": 4135,
    "isAvailable": true,
    "inPromo": false,
    "topCategoryName": "Boissons",
    "topCategoryId": "354",
    "categories": [
      {
        "name": "Boissons",
        "id": "354",
        "children": [
          {
            "name": "Bi\u00e8res",
            "id": "389",
            "children": [
              {
                "name": "Bi\u00e8res sans alcool",
                "id": "398"
              }
            ]
          }
        ]
      }
    ],
    "IsPrivateLabel": false,
    "amount": 1.32,
    "IsBiffe": false,
    "foodPairing": [
      "Barbecue",
      "Veggie",
      "Fromages doux",
      "Gibier",
      "Salade",
      "Desserts",
      "Viande blanche",
      "Viande rouge",
      "Ap\u00e9ritif"
    ],
    "IsWeightArticle": false,
    "WeightconversionFactor": "0",
    "IsBio": false,
    "CountryOfOrigin": "PAYS-BAS",
    "IsExclusivelySoldInLuxembourg": false,
    "OrderUnit": "P",
    "AlcoholDisclaimermsg": false,
    "ShortName": "LATR NILLIS 0% 4X33CL",
    "IsNew": false,
    "amountUnit": "kg",
    "CountryOfOriginISO": "NL",
    "ShowAlcoholLegalMsg": false,
    "LongName": "LA TRAPPE Trappiste Nillis 0% 4x33cl",
    "RecentQuanityOfStockUnits": "1",
    "AlcoholVolume": "0",
    "FicCode": "E",
    "DepositValue": [
      0.4
    ]
  },
  {
    "technicalArticleNumber": "4892559",
    "commercialArticleNumber": "10467",
    "gtin": [
      "05400141689976"
    ],
    "productId": "1268396",
    "name": "Nillis+ouvre-bouteille",
    "description": "*Bi\u00e8re trappiste\n*Ambr\u00e9e\nfonc\u00e9e\n*0% vol",
    "brand": "LA TRAPPE",
    "seoBrand": "La Trappe",
    "thumbNail": "https://ecgproductmw.colruytgroup.com/ecgproductmw/noPicForArticle_2.jpg",
    "fullImage": "https://ecgproductmw.colruytgroup.com/ecgproductmw/noPicForArticle_5.jpg",
    "squareImage": "https://ecgproductmw.colruytgroup.com/ecgproductmw/noPicForArticle_5.jpg",
    "content": "4x33cl",
    "price": {
      "basicPrice": 7.16,
      "recommendedQuantity": "1.0",
      "quantityPrice": 6.59,
      "quantityPriceQuantity": "3.0",
      "measurementUnitPrice": 5.43,
      "measurementUnitQuantityPrice": {
        "source": "5.0",
        "parsedValue": 5
      },
      "measurementUnit": "L",
      "isRedPrice": false,
      "pricePerUOM": 5.43,
      "activationDate": "20-05-2025",
      "isPromoActive": "Y",
      "priceChangeCode": "E",
      "quantityPricePerUOM": {
        "source": "5.0",
        "parsedValue": 5
      },
      "quantityActivationDate": "20-05-2025",
      "quantityPriceChangeCode": "E",
      "priceReason": "Promo"
    },
    "isPriceAvailable": true,
    "channelAvailability": [
      "8_BE_STORE",
      "8_LU_STORE",
      "8_BE_COLLECT_NEXT_DAY",
      "8_BE_HOME_DELIVERY",
      "8_BE_HOME_DELIVERY_DRIVER"
    ],
    "businessDomain": "RETAIL_BE",
    "walkRouteSequenceNumber": 4136,
    "isAvailable": true,
    "inPromo": false,
    "topCategoryName": "Boissons",
    "topCategoryId": "354",
    "categories": [
      {
        "name": "Boissons",
        "id": "354",
        "children": [
          {
            "name": "Bi\u00e8res",
            "id": "389",
            "children": [
              {
                "name": "Bi\u00e8res 75cl, Emballages Cadeaux",
                "id": "1066"
              }
            ]
          }
        ]
      }
    ],
    "IsPrivateLabel": false,
    "amount": 1.32,
    "IsBiffe": false,
    "foodPairing": [
      "Salade",
      "Gibier",
      "Fromages doux",
      "Viande rouge",
      "Viande blanche",
      "Veggie",
      "Desserts",
      "Barbecue",
      "Ap\u00e9ritif"
    ],
    "IsWeightArticle": false,
    "WeightconversionFactor": "0",
    "IsBio": false,
    "CountryOfOrigin": "PAYS-BAS",
    "IsExclusivelySoldInLuxembourg": false,
    "OrderUnit": "P",
    "AlcoholDisclaimermsg": false,
    "ShortName": "LATR NILLIS++O.BOU4X33C",
    "IsNew": false,
    "amountUnit": "kg",
    "CountryOfOriginISO": "NL",
    "ShowAlcoholLegalMsg": false,
    "LongName": "LA TRAPPE Nillis+ouvre-bouteille 4x33cl",
    "RecentQuanityOfStockUnits": "1",
    "AlcoholVolume": "0",
    "FicCode": "E",
    "DepositValue": [
      0.4
    ]
  },
  {
    "technicalArticleNumber": "3517713",
    "commercialArticleNumber": "18061",
    "gtin": [
      "05413784316345",
      "05400141205909"
    ],
    "productId": "212759",
    "name": "Oostendse tripel 7,7%",
    "description": "*7,7 % vol\n*Tripel\n*Referment. en bout.",
    "brand": "KEYTE",
    "seoBrand": "Keyte",
    "thumbNail": "https://static.colruytgroup.com/images/200x200/std.lang.all/88/08/asset-1208808.jpg",
    "fullImage": "https://static.colruytgroup.com/images/500x500/std.lang.all/88/08/asset-1208808.jpg",
    "squareImage": "https://static.colruytgroup.com/images/500x500sq/std.lang.all/88/08/asset-1208808.jpg",
    "content": "6x33cl",
    "price": {
      "basicPrice": 7.19,
      "recommendedQuantity": "1.0",
      "measurementUnitPrice": 3.64,
      "measurementUnit": "L",
      "isRedPrice": false,
      "pricePerUOM": 3.64,
      "activationDate": "07-05-2025",
      "isPromoActive": "N",
      "priceChangeCode": "E",
      "priceReason": "Market"
    },
    "isPriceAvailable": true,
    "channelAvailability": [
      "8_BE_STORE",
      "8_BE_COLLECT_NEXT_DAY",
      "8_BE_HOME_DELIVERY_DRIVER"
    ],
    "businessDomain": "RETAIL_BE",
    "walkRouteSequenceNumber": 3959,
    "isAvailable": true,
    "inPromo": false,
    "topCategoryName": "Boissons",
    "topCategoryId": "354",
    "categories": [
      {
        "name": "Boissons",
        "id": "354",
        "children": [
          {
            "name": "Bi\u00e8res",
            "id": "389",
            "children": [
              {
                "name": "Blonde, blonde forte et triple b",
                "id": "394"
              }
            ]
          }
        ]
      }
    ],
    "IsPrivateLabel": false,
    "amount": 1.98,
    "IsBiffe": false,
    "foodPairing": [
      "Volaille",
      "Viande rouge",
      "Viande blanche",
      "Crustac\u00e9s",
      "Gibier",
      "Fromages forts",
      "Desserts",
      "Poisson"
    ],
    "IsWeightArticle": false,
    "WeightconversionFactor": "0",
    "IsBio": false,
    "CountryOfOrigin": "BELGIQUE",
    "IsExclusivelySoldInLuxembourg": false,
    "OrderUnit": "P",
    "AlcoholDisclaimermsg": true,
    "ShortName": "RE KEYTE OOST.TRIP6X33C",
    "IsNew": false,
    "amountUnit": "kg",
    "CountryOfOriginISO": "BE",
    "ShowAlcoholLegalMsg": true,
    "LongName": "KEYTE Oostendse tripel 7,7% 6x33cl",
    "RecentQuanityOfStockUnits": "1",
    "AlcoholVolume": "7.7",
    "FicCode": "I",
    "DepositValue": [
      0.6
    ]
  },
  {
    "technicalArticleNumber": "4103117",
    "commercialArticleNumber": "8473",
    "gtin": [
      "05400141287073",
      "05425029490017",
      "05425029490895"
    ],
    "productId": "519610",
    "name": "Triple 8%",
    "description": "*Triple\n*Blonde\n*8 % vol\n*Haute fermentation",
    "brand": "SCHUPPENBOER",
    "seoBrand": "Schuppenboer",
    "thumbNail": "https://static.colruytgroup.com/images/200x200/std.lang.all/34/75/asset-1793475.jpg",
    "fullImage": "https://static.colruytgroup.com/images/500x500/std.lang.all/34/75/asset-1793475.jpg",
    "squareImage": "https://static.colruytgroup.com/images/500x500sq/std.lang.all/34/75/asset-1793475.jpg",
    "content": "4x33cl",
    "price": {
      "basicPrice": 7.19,
      "recommendedQuantity": "1.0",
      "quantityPrice": 6.9,
      "quantityPriceQuantity": "3.0",
      "measurementUnitPrice": 5.45,
      "measurementUnitQuantityPrice": 5.23,
      "measurementUnit": "L",
      "isRedPrice": false,
      "pricePerUOM": 5.45,
      "activationDate": "07-05-2025",
      "isPromoActive": "N",
      "priceChangeCode": "E",
      "quantityPricePerUOM": 5.23,
      "quantityActivationDate": "07-05-2025",
      "quantityPriceChangeCode": "E",
      "priceReason": "FALLBACK"
    },
    "isPriceAvailable": true,
    "channelAvailability": [
      "8_BE_STORE",
      "8_BE_COLLECT_NEXT_DAY",
      "8_BE_HOME_DELIVERY_DRIVER"
    ],
    "businessDomain": "RETAIL_BE",
    "walkRouteSequenceNumber": 3973,
    "isAvailable": true,
    "inPromo": false,
    "topCategoryName": "Boissons",
    "topCategoryId": "354",
    "categories": [
      {
        "name": "Boissons",
        "id": "354",
        "children": [
          {
            "name": "Bi\u00e8res",
            "id": "389",
            "children": [
              {
                "name": "Blonde, blonde forte et triple b",
                "id": "394"
              }
            ]
          }
        ]
      }
    ],
    "IsPrivateLabel": false,
    "amount": 1.32,
    "IsBiffe": false,
    "foodPairing": [
      "Viande rouge",
      "Poisson",
      "Crustac\u00e9s",
      "Fromages forts",
      "Desserts",
      "Gibier"
    ],
    "IsWeightArticle": false,
    "WeightconversionFactor": "0",
    "IsBio": false,
    "CountryOfOrigin": "BELGIQUE",
    "IsExclusivelySoldInLuxembourg": false,
    "OrderUnit": "P",
    "AlcoholDisclaimermsg": true,
    "ShortName": "SCBO TRIPLE 8% 4X33CL",
    "IsNew": false,
    "amountUnit": "kg",
    "CountryOfOriginISO": "BE",
    "EcoscoreLabel": "D",
    "ShowAlcoholLegalMsg": true,
    "LongName": "SCHUPPENBOER Triple 8% 4x33cl",
    "RecentQuanityOfStockUnits": "1",
    "AlcoholVolume": "8",
    "FicCode": "E",
    "DepositValue": [
      0.4
    ],
    "EcoscoreValue": "37"
  },
  {
    "technicalArticleNumber": "3946331",
    "commercialArticleNumber": "1684",
    "gtin": [
      "05400141705089",
      "05740600200572",
      "03080216034898"
    ],
    "productId": "422121",
    "name": "pils 5%",
    "description": "*Pils\n*5% vol",
    "brand": "CARLSBERG",
    "seoBrand": "Carlsberg",
    "thumbNail": "https://static.colruytgroup.com/images/200x200/std.lang.all/99/15/asset-2709915.jpg",
    "fullImage": "https://static.colruytgroup.com/images/500x500/std.lang.all/99/15/asset-2709915.jpg",
    "squareImage": "https://static.colruytgroup.com/images/500x500sq/std.lang.all/99/15/asset-2709915.jpg",
    "content": "6x25cl",
    "price": {
      "basicPrice": 7.2,
      "recommendedQuantity": "1.0",
      "quantityPrice": 6.91,
      "quantityPriceQuantity": "3.0",
      "measurementUnitPrice": 4.8,
      "measurementUnitQuantityPrice": 4.61,
      "measurementUnit": "L",
      "isRedPrice": false,
      "pricePerUOM": 4.8,
      "activationDate": "08-05-2025",
      "recordSource": "Online",
      "isPromoActive": "N",
      "priceChangeCode": "E",
      "quantityPricePerUOM": 4.61,
      "quantityActivationDate": "08-05-2025",
      "quantityPriceChangeCode": "E",
      "priceReason": "Reaction"
    },
    "isPriceAvailable": true,
    "channelAvailability": [
      "8_BE_STORE",
      "8_LU_STORE",
      "8_BE_COLLECT_NEXT_DAY",
      "8_BE_HOME_DELIVERY",
      "8_BE_HOME_DELIVERY_DRIVER"
    ],
    "businessDomain": "RETAIL_BE",
    "walkRouteSequenceNumber": 4099,
    "isAvailable": true,
    "inPromo": false,
    "topCategoryName": "Boissons",
    "topCategoryId": "354",
    "categories": [
      {
        "name": "Boissons",
        "id": "354",
        "children": [
          {
            "name": "Bi\u00e8res",
            "id": "389",
            "children": [
              {
                "name": "Pils",
                "id": "1551",
                "children": [
                  {
                    "name": "Pils en bouteille",
                    "id": "1552"
                  }
                ]
              }
            ]
          }
        ]
      }
    ],
    "IsPrivateLabel": false,
    "amount": 1.5,
    "IsBiffe": false,
    "foodPairing": [
      "Salade",
      "Ap\u00e9ritif",
      "Barbecue",
      "Crustac\u00e9s",
      "Fromages doux",
      "Poisson",
      "P\u00e2tes & pizza"
    ],
    "IsWeightArticle": false,
    "WeightconversionFactor": "0",
    "IsBio": false,
    "CountryOfOrigin": "FRANCE",
    "IsExclusivelySoldInLuxembourg": false,
    "OrderUnit": "P",
    "AlcoholDisclaimermsg": true,
    "ShortName": "CARL PILS 5% 6X25CL",
    "IsNew": false,
    "amountUnit": "kg",
    "CountryOfOriginISO": "FR",
    "EcoscoreLabel": "C",
    "ShowAlcoholLegalMsg": true,
    "LongName": "CARLSBERG pils 5% 6x25cl",
    "RecentQuanityOfStockUnits": "1",
    "AlcoholVolume": "5",
    "FicCode": "E",
    "DepositValue": [
      0.6
    ],
    "EcoscoreValue": "54"
  },
  {
    "technicalArticleNumber": "1129425",
    "commercialArticleNumber": "5026",
    "gtin": [
      "05411098700010",
      "05400141050264"
    ],
    "productId": "10466",
    "name": "bi\u00e8re abb. triple 8,7%",
    "description": "*Bi\u00e8re d'abbaye\n*8,7 % vol\n*Referment. en bout.",
    "brand": "POSTEL",
    "seoBrand": "Postel",
    "thumbNail": "https://static.colruytgroup.com/images/200x200/std.lang.all/90/01/asset-2199001.jpg",
    "fullImage": "https://static.colruytgroup.com/images/500x500/std.lang.all/90/01/asset-2199001.jpg",
    "squareImage": "https://static.colruytgroup.com/images/500x500sq/std.lang.all/90/01/asset-2199001.jpg",
    "content": "6x33cl",
    "price": {
      "basicPrice": 7.29,
      "recommendedQuantity": "1.0",
      "measurementUnitPrice": 3.69,
      "measurementUnit": "L",
      "isRedPrice": false,
      "pricePerUOM": 3.69,
      "activationDate": "04-06-2025",
      "isPromoActive": "N",
      "priceChangeCode": "E",
      "priceReason": "FALLBACK"
    },
    "isPriceAvailable": true,
    "channelAvailability": [
      "8_BE_STORE",
      "8_LU_STORE",
      "8_BE_COLLECT_NEXT_DAY",
      "8_BE_HOME_DELIVERY",
      "8_BE_HOME_DELIVERY_DRIVER"
    ],
    "businessDomain": "RETAIL_BE",
    "walkRouteSequenceNumber": 3842,
    "isAvailable": true,
    "inPromo": false,
    "topCategoryName": "Boissons",
    "topCategoryId": "354",
    "categories": [
      {
        "name": "Boissons",
        "id": "354",
        "children": [
          {
            "name": "Bi\u00e8res",
            "id": "389",
            "children": [
              {
                "name": "Bi\u00e8re d'Abbaye, Trappiste blonde & amb",
                "id": "391"
              }
            ]
          }
        ]
      }
    ],
    "IsPrivateLabel": false,
    "amount": 1.98,
    "IsBiffe": false,
    "foodPairing": [
      "Desserts",
      "Fromages forts",
      "Crustac\u00e9s",
      "Volaille",
      "Viande rouge",
      "Gibier",
      "Viande blanche",
      "Veggie",
      "Poisson"
    ],
    "IsWeightArticle": false,
    "WeightconversionFactor": "0",
    "IsBio": false,
    "CountryOfOrigin": "BELGIQUE",
    "IsExclusivelySoldInLuxembourg": false,
    "OrderUnit": "P",
    "AlcoholDisclaimermsg": true,
    "ShortName": "POSTEL TRIPLE 6X33CL",
    "IsNew": false,
    "amountUnit": "kg",
    "CountryOfOriginISO": "BE",
    "ShowAlcoholLegalMsg": true,
    "LongName": "POSTEL bi\u00e8re abb. triple 8,7% 6x33cl",
    "RecentQuanityOfStockUnits": "1",
    "AlcoholVolume": "8.7",
    "FicCode": "I",
    "DepositValue": [
      0.6
    ]
  },
  {
    "technicalArticleNumber": "4807870",
    "commercialArticleNumber": "19010",
    "gtin": [
      "05400141731248",
      "05425006702829",
      "05425006702799"
    ],
    "productId": "1078069",
    "name": "Zestra 0,3%",
    "description": "*Bi\u00e8re sans alcool\n*Blonde\n*0,3% vol.",
    "brand": "TROUBADOUR",
    "seoBrand": "Troubadour",
    "thumbNail": "https://static.colruytgroup.com/images/200x200/std.lang.all/07/57/asset-3790757.jpg",
    "fullImage": "https://static.colruytgroup.com/images/500x500/std.lang.all/07/57/asset-3790757.jpg",
    "squareImage": "https://static.colruytgroup.com/images/500x500sq/std.lang.all/07/57/asset-3790757.jpg",
    "content": "4x33cl",
    "price": {
      "basicPrice": 7.32,
      "recommendedQuantity": "1.0",
      "quantityPrice": 7.03,
      "quantityPriceQuantity": "3.0",
      "measurementUnitPrice": 5.55,
      "measurementUnitQuantityPrice": 5.33,
      "measurementUnit": "L",
      "isRedPrice": false,
      "pricePerUOM": 5.55,
      "activationDate": "07-05-2025",
      "recordSource": "Online",
      "isPromoActive": "N",
      "priceChangeCode": "H",
      "quantityPricePerUOM": 5.33,
      "quantityActivationDate": "07-05-2025",
      "quantityPriceChangeCode": "E",
      "priceReason": "Reaction"
    },
    "isPriceAvailable": true,
    "channelAvailability": [
      "8_BE_STORE",
      "8_BE_COLLECT_NEXT_DAY",
      "8_BE_HOME_DELIVERY",
      "8_BE_HOME_DELIVERY_DRIVER"
    ],
    "businessDomain": "RETAIL_BE",
    "walkRouteSequenceNumber": 4116,
    "isAvailable": true,
    "inPromo": false,
    "topCategoryName": "Boissons",
    "topCategoryId": "354",
    "categories": [
      {
        "name": "Boissons",
        "id": "354",
        "children": [
          {
            "name": "Bi\u00e8res",
            "id": "389",
            "children": [
              {
                "name": "Bi\u00e8res sans alcool",
                "id": "398"
              }
            ]
          }
        ]
      }
    ],
    "IsPrivateLabel": false,
    "amount": 1.32,
    "IsBiffe": false,
    "foodPairing": [
      "Volaille",
      "Viande rouge",
      "Viande blanche",
      "Veggie",
      "Salade",
      "P\u00e2tes & pizza",
      "Poisson",
      "Fromages doux",
      "Desserts",
      "Crustac\u00e9s",
      "Barbecue",
      "Ap\u00e9ritif"
    ],
    "IsWeightArticle": false,
    "WeightconversionFactor": "0",
    "IsBio": false,
    "CountryOfOrigin": "BELGIQUE",
    "IsExclusivelySoldInLuxembourg": false,
    "OrderUnit": "P",
    "AlcoholDisclaimermsg": false,
    "ShortName": "TROU ZESTRA 0.3% 4X33CL",
    "IsNew": false,
    "amountUnit": "kg",
    "CountryOfOriginISO": "BE",
    "EcoscoreLabel": "D",
    "ShowAlcoholLegalMsg": false,
    "LongName": "TROUBADOUR Zestra 0,3% 4x33cl",
    "RecentQuanityOfStockUnits": "1",
    "AlcoholVolume": "0.3",
    "FicCode": "E",
    "DepositValue": [
      0.4
    ],
    "EcoscoreValue": "37"
  },
  {
    "technicalArticleNumber": "3747102",
    "commercialArticleNumber": "18850",
    "gtin": [
      "00180391000299",
      "05410971021969"
    ],
    "productId": "316169",
    "name": "Triple 8%",
    "description": "*Bi\u00e8re sp\u00e9ciale\n*8,0 % vol\n*Referment. en bout.",
    "brand": "OMMEGANG",
    "seoBrand": "Ommegang",
    "thumbNail": "https://static.colruytgroup.com/images/200x200/std.lang.all/29/55/asset-3362955.jpg",
    "fullImage": "https://static.colruytgroup.com/images/500x500/std.lang.all/29/55/asset-3362955.jpg",
    "squareImage": "https://static.colruytgroup.com/images/500x500sq/std.lang.all/29/55/asset-3362955.jpg",
    "content": "4x33cl",
    "price": {
      "basicPrice": 7.36,
      "recommendedQuantity": "1.0",
      "quantityPrice": 6.77,
      "quantityPriceQuantity": "2.0",
      "measurementUnitPrice": 5.58,
      "measurementUnitQuantityPrice": 5.13,
      "measurementUnit": "L",
      "isRedPrice": false,
      "pricePerUOM": 5.58,
      "activationDate": "23-05-2025",
      "recordSource": "Online",
      "isPromoActive": "N",
      "priceChangeCode": "E",
      "quantityPricePerUOM": 5.13,
      "quantityActivationDate": "23-05-2025",
      "quantityPriceChangeCode": "E",
      "reactPromoConcurrent": true,
      "priceReason": "Reaction"
    },
    "isPriceAvailable": true,
    "channelAvailability": [
      "8_BE_STORE",
      "8_BE_COLLECT_NEXT_DAY",
      "8_BE_HOME_DELIVERY",
      "8_BE_HOME_DELIVERY_DRIVER"
    ],
    "businessDomain": "RETAIL_BE",
    "walkRouteSequenceNumber": 3920,
    "isAvailable": true,
    "inPromo": false,
    "topCategoryName": "Boissons",
    "topCategoryId": "354",
    "categories": [
      {
        "name": "Boissons",
        "id": "354",
        "children": [
          {
            "name": "Bi\u00e8res",
            "id": "389",
            "children": [
              {
                "name": "Blonde, blonde forte et triple b",
                "id": "394"
              }
            ]
          }
        ]
      }
    ],
    "foodPairing": [
      "Poisson",
      "Viande blanche",
      "Viande rouge",
      "Crustac\u00e9s",
      "Desserts",
      "Fromages forts",
      "Gibier",
      "Volaille"
    ],
    "CountryOfOrigin": "BELGIQUE",
    "IsExclusivelySoldInLuxembourg": false,
    "OrderUnit": "P",
    "AlcoholDisclaimermsg": true,
    "InSeason": true,
    "ShortName": "OMME TRIPLE 4X33CL",
    "IsNew": false,
    "ShowAlcoholLegalMsg": true,
    "RecentQuanityOfStockUnits": "1",
    "FicCode": "I",
    "IsPrivateLabel": false,
    "amount": 1.32,
    "IsBiffe": false,
    "IsWeightArticle": false,
    "WeightconversionFactor": "0",
    "IsBio": false,
    "amountUnit": "kg",
    "CountryOfOriginISO": "BE",
    "EcoscoreLabel": "D",
    "LongName": "OMMEGANG Triple 8% 4x33cl",
    "AlcoholVolume": "8",
    "StartSeasonDate": "08/11/2023",
    "DepositValue": [
      0.4
    ],
    "EcoscoreValue": "37"
  },
  {
    "technicalArticleNumber": "4088158",
    "commercialArticleNumber": "7972",
    "gtin": [
      "00000054085190",
      "05400141282962"
    ],
    "productId": "491729",
    "name": "Lux bi\u00e8re abb.blonde 6%",
    "description": "*Bi\u00e8re d'abbaye\n*Blonde\n*6 % vol\n*Referment. en bout.",
    "brand": "TONGERLO",
    "seoBrand": "Tongerlo",
    "thumbNail": "https://static.colruytgroup.com/images/200x200/std.lang.all/98/60/asset-1769860.jpg",
    "fullImage": "https://static.colruytgroup.com/images/500x500/std.lang.all/98/60/asset-1769860.jpg",
    "squareImage": "https://static.colruytgroup.com/images/500x500sq/std.lang.all/98/60/asset-1769860.jpg",
    "content": "6x33cl",
    "price": {
      "basicPrice": 7.39,
      "recommendedQuantity": "1.0",
      "measurementUnitPrice": 3.74,
      "measurementUnit": "L",
      "isRedPrice": true,
      "redPriceReason": "Promo",
      "referencePrice": 7.9,
      "retentionPeriod": 30,
      "pricePerUOM": 3.74,
      "activationDate": "04-06-2025",
      "isPromoActive": "Y",
      "priceChangeCode": "L",
      "priceReason": "Promo"
    },
    "isPriceAvailable": true,
    "channelAvailability": [
      "8_BE_STORE",
      "8_LU_STORE",
      "8_BE_COLLECT_NEXT_DAY",
      "8_BE_HOME_DELIVERY",
      "8_BE_HOME_DELIVERY_DRIVER"
    ],
    "businessDomain": "RETAIL_BE",
    "walkRouteSequenceNumber": 3823,
    "isAvailable": true,
    "inPromo": false,
    "topCategoryName": "Boissons",
    "topCategoryId": "354",
    "categories": [
      {
        "name": "Boissons",
        "id": "354",
        "children": [
          {
            "name": "Bi\u00e8res",
            "id": "389",
            "children": [
              {
                "name": "Bi\u00e8re d'Abbaye, Trappiste blonde & amb",
                "id": "391"
              }
            ]
          }
        ]
      }
    ],
    "IsPrivateLabel": false,
    "amount": 1.98,
    "IsBiffe": false,
    "foodPairing": [
      "Volaille",
      "Viande rouge",
      "Viande blanche",
      "Veggie",
      "Salade",
      "Poisson",
      "Fromages forts",
      "Crustac\u00e9s",
      "Desserts"
    ],
    "IsWeightArticle": false,
    "WeightconversionFactor": "0",
    "IsBio": false,
    "CountryOfOrigin": "BELGIQUE",
    "IsExclusivelySoldInLuxembourg": false,
    "OrderUnit": "P",
    "AlcoholDisclaimermsg": true,
    "ShortName": "TONGERLO LUX 6X33CL",
    "IsNew": false,
    "amountUnit": "kg",
    "CountryOfOriginISO": "BE",
    "EcoscoreLabel": "D",
    "ShowAlcoholLegalMsg": true,
    "LongName": "TONGERLO Lux bi\u00e8re abb.blonde 6% 6x33cl",
    "RecentQuanityOfStockUnits": "1",
    "AlcoholVolume": "6",
    "FicCode": "I",
    "DepositValue": [
      0.6
    ],
    "EcoscoreValue": "37"
  },
  {
    "technicalArticleNumber": "4721422",
    "commercialArticleNumber": "15616",
    "gtin": [
      "05400141793024",
      "05414239000109"
    ],
    "productId": "868784",
    "name": "Kriek 4,5%",
    "description": "*Bi\u00e8re d'abbaye\n*Kriek\n*4,5% vol",
    "brand": "TER DOLEN",
    "seoBrand": "Ter Dolen",
    "thumbNail": "https://static.colruytgroup.com/images/200x200/std.lang.all/00/37/asset-3210037.jpg",
    "fullImage": "https://static.colruytgroup.com/images/500x500/std.lang.all/00/37/asset-3210037.jpg",
    "squareImage": "https://static.colruytgroup.com/images/500x500sq/std.lang.all/00/37/asset-3210037.jpg",
    "content": "4x33cl",
    "price": {
      "basicPrice": 7.48,
      "recommendedQuantity": "1.0",
      "quantityPrice": 7.18,
      "quantityPriceQuantity": "3.0",
      "measurementUnitPrice": 5.67,
      "measurementUnitQuantityPrice": 5.44,
      "measurementUnit": "L",
      "isRedPrice": false,
      "pricePerUOM": 5.67,
      "activationDate": "07-05-2025",
      "recordSource": "Online",
      "isPromoActive": "N",
      "priceChangeCode": "E",
      "quantityPricePerUOM": 5.44,
      "quantityActivationDate": "07-05-2025",
      "quantityPriceChangeCode": "E",
      "priceReason": "Reaction"
    },
    "isPriceAvailable": true,
    "channelAvailability": [
      "8_BE_STORE",
      "8_BE_COLLECT_NEXT_DAY",
      "8_BE_HOME_DELIVERY_DRIVER"
    ],
    "businessDomain": "RETAIL_BE",
    "walkRouteSequenceNumber": 4030,
    "isAvailable": true,
    "inPromo": false,
    "topCategoryName": "Boissons",
    "topCategoryId": "354",
    "categories": [
      {
        "name": "Boissons",
        "id": "354",
        "children": [
          {
            "name": "Bi\u00e8res",
            "id": "389",
            "children": [
              {
                "name": "Bi\u00e8re blanche, bi\u00e8re aux fruits et bi",
                "id": "395"
              }
            ]
          }
        ]
      }
    ],
    "IsPrivateLabel": false,
    "amount": 1.32,
    "IsBiffe": false,
    "foodPairing": [
      "Barbecue",
      "Desserts",
      "Fromages doux",
      "Fromages forts",
      "Gibier",
      "Ap\u00e9ritif",
      "Veggie"
    ],
    "IsWeightArticle": false,
    "WeightconversionFactor": "0",
    "IsBio": false,
    "CountryOfOrigin": "BELGIQUE",
    "IsExclusivelySoldInLuxembourg": false,
    "OrderUnit": "P",
    "AlcoholDisclaimermsg": true,
    "ShortName": "TEDO KRIEK 4.5% 4X33CL",
    "IsNew": false,
    "amountUnit": "kg",
    "CountryOfOriginISO": "BE",
    "ShowAlcoholLegalMsg": true,
    "LongName": "TER DOLEN Kriek 4,5% 4x33cl",
    "RecentQuanityOfStockUnits": "1",
    "AlcoholVolume": "4.5",
    "FicCode": "E",
    "DepositValue": [
      0.4
    ]
  },
  {
    "technicalArticleNumber": "4209614",
    "commercialArticleNumber": "11865",
    "gtin": [
      "05400141345711"
    ],
    "productId": "567093",
    "name": "tripel 9,0%vol",
    "description": "*9 % vol\n*Bi\u00e8re de\nd\u00e9gustation, double\nfermentation en\nbouteille",
    "brand": "GOUDEN CAROLUS",
    "seoBrand": "Gouden Carolus",
    "thumbNail": "https://static.colruytgroup.com/images/200x200/std.lang.all/63/23/asset-1956323.jpg",
    "fullImage": "https://static.colruytgroup.com/images/500x500/std.lang.all/63/23/asset-1956323.jpg",
    "squareImage": "https://static.colruytgroup.com/images/500x500sq/std.lang.all/63/23/asset-1956323.jpg",
    "content": "4x33cl",
    "price": {
      "basicPrice": 7.48,
      "recommendedQuantity": "1.0",
      "quantityPrice": 7.18,
      "quantityPriceQuantity": "3.0",
      "measurementUnitPrice": 5.67,
      "measurementUnitQuantityPrice": 5.44,
      "measurementUnit": "L",
      "isRedPrice": false,
      "pricePerUOM": 5.67,
      "activationDate": "30-05-2025",
      "recordSource": "Online",
      "isPromoActive": "N",
      "priceChangeCode": "E",
      "quantityPricePerUOM": 5.44,
      "quantityActivationDate": "30-05-2025",
      "quantityPriceChangeCode": "H",
      "priceReason": "Reaction"
    },
    "isPriceAvailable": true,
    "channelAvailability": [
      "8_LU_STORE",
      "3_BE_STORE",
      "8_BE_STORE",
      "8_BE_COLLECT_NEXT_DAY",
      "8_BE_HOME_DELIVERY",
      "8_BE_HOME_DELIVERY_DRIVER"
    ],
    "businessDomain": "RETAIL_BE",
    "walkRouteSequenceNumber": 3978,
    "isAvailable": true,
    "inPromo": false,
    "topCategoryName": "Boissons",
    "topCategoryId": "354",
    "categories": [
      {
        "name": "Boissons",
        "id": "354",
        "children": [
          {
            "name": "Bi\u00e8res",
            "id": "389",
            "children": [
              {
                "name": "Blonde, blonde forte et triple b",
                "id": "394"
              }
            ]
          }
        ]
      }
    ],
    "IsPrivateLabel": false,
    "amount": 1.32,
    "IsBiffe": false,
    "foodPairing": [
      "Viande rouge",
      "Viande blanche",
      "Poisson",
      "Gibier",
      "Fromages forts",
      "Desserts"
    ],
    "IsWeightArticle": false,
    "WeightconversionFactor": "0",
    "IsBio": false,
    "CountryOfOrigin": "BELGIQUE",
    "IsExclusivelySoldInLuxembourg": false,
    "OrderUnit": "P",
    "AlcoholDisclaimermsg": true,
    "ShortName": "GOCA TRIPLE 9% 4X33CL",
    "IsNew": false,
    "amountUnit": "kg",
    "CountryOfOriginISO": "BE",
    "EcoscoreLabel": "B",
    "ShowAlcoholLegalMsg": true,
    "LongName": "GOUDEN CAROLUS tripel 9,0%vol 4x33cl",
    "RecentQuanityOfStockUnits": "1",
    "AlcoholVolume": "9",
    "FicCode": "E",
    "DepositValue": [
      0.4
    ],
    "EcoscoreValue": "72"
  },
  {
    "technicalArticleNumber": "5252",
    "commercialArticleNumber": "5252",
    "gtin": [
      "00000025052527",
      "00000054069022",
      "05400141052527"
    ],
    "productId": "463",
    "name": "Agnus blonde 7,5%vol",
    "description": "*Bi\u00e8re d'abbaye\n*7,5 % vol",
    "brand": "CORSENDONK",
    "seoBrand": "Corsendonk",
    "thumbNail": "https://static.colruytgroup.com/images/200x200/std.lang.all/81/97/asset-3308197.jpg",
    "fullImage": "https://static.colruytgroup.com/images/500x500/std.lang.all/81/97/asset-3308197.jpg",
    "squareImage": "https://static.colruytgroup.com/images/500x500sq/std.lang.all/81/97/asset-3308197.jpg",
    "content": "6x33cl",
    "price": {
      "basicPrice": 7.49,
      "recommendedQuantity": "1.0",
      "quantityPrice": 7.19,
      "quantityPriceQuantity": "3.0",
      "measurementUnitPrice": 3.79,
      "measurementUnitQuantityPrice": 3.64,
      "measurementUnit": "L",
      "isRedPrice": false,
      "pricePerUOM": 3.79,
      "activationDate": "07-05-2025",
      "isPromoActive": "N",
      "priceChangeCode": "E",
      "quantityPricePerUOM": 3.64,
      "quantityActivationDate": "07-05-2025",
      "quantityPriceChangeCode": "E",
      "priceReason": "FALLBACK"
    },
    "isPriceAvailable": true,
    "channelAvailability": [
      "8_BE_STORE",
      "8_LU_STORE",
      "8_BE_COLLECT_NEXT_DAY",
      "8_BE_HOME_DELIVERY_DRIVER"
    ],
    "businessDomain": "RETAIL_BE",
    "walkRouteSequenceNumber": 3861,
    "isAvailable": true,
    "inPromo": false,
    "topCategoryName": "Boissons",
    "topCategoryId": "354",
    "categories": [
      {
        "name": "Boissons",
        "id": "354",
        "children": [
          {
            "name": "Bi\u00e8res",
            "id": "389",
            "children": [
              {
                "name": "Blonde, blonde forte et triple b",
                "id": "394"
              }
            ]
          }
        ]
      }
    ],
    "IsPrivateLabel": false,
    "amount": 1.98,
    "IsBiffe": false,
    "foodPairing": [
      "Volaille",
      "Viande rouge",
      "Viande blanche",
      "Poisson",
      "Gibier",
      "Fromages forts",
      "Desserts",
      "Crustac\u00e9s"
    ],
    "IsWeightArticle": false,
    "WeightconversionFactor": "0",
    "IsBio": false,
    "CountryOfOrigin": "BELGIQUE",
    "IsExclusivelySoldInLuxembourg": false,
    "OrderUnit": "P",
    "AlcoholDisclaimermsg": true,
    "InSeason": true,
    "ShortName": "CORSEND AGNUS 6X33CL",
    "IsNew": false,
    "amountUnit": "kg",
    "CountryOfOriginISO": "BE",
    "ShowAlcoholLegalMsg": true,
    "LongName": "CORSENDONK Agnus blonde 7,5%vol 6x33cl",
    "RecentQuanityOfStockUnits": "1",
    "AlcoholVolume": "7.5",
    "StartSeasonDate": "17/03/2022",
    "FicCode": "E",
    "DepositValue": [
      0.6
    ]
  },
  {
    "technicalArticleNumber": "4755164",
    "commercialArticleNumber": "7851",
    "gtin": [
      "05400141616057",
      "05430000829762"
    ],
    "productId": "893150",
    "name": "Yeti Bang 7,5%",
    "description": "*Bi\u00e8re blonde\n*7,5 % vol",
    "brand": "BRUSSELS BP",
    "seoBrand": "Brussels Beer Project",
    "thumbNail": "https://static.colruytgroup.com/images/200x200/std.lang.all/87/97/asset-3338797.jpg",
    "fullImage": "https://static.colruytgroup.com/images/500x500/std.lang.all/87/97/asset-3338797.jpg",
    "squareImage": "https://static.colruytgroup.com/images/500x500sq/std.lang.all/87/97/asset-3338797.jpg",
    "content": "4x33cl",
    "price": {
      "basicPrice": 7.49,
      "recommendedQuantity": "1.0",
      "measurementUnitPrice": 5.68,
      "measurementUnit": "L",
      "isRedPrice": false,
      "pricePerUOM": 5.68,
      "activationDate": "03-03-2025",
      "isPromoActive": "Y",
      "priceChangeCode": "L",
      "priceReason": "Promo"
    },
    "isPriceAvailable": true,
    "channelAvailability": [
      "8_BE_STORE",
      "8_BE_COLLECT_NEXT_DAY",
      "8_BE_HOME_DELIVERY",
      "8_BE_HOME_DELIVERY_DRIVER"
    ],
    "businessDomain": "RETAIL_BE",
    "walkRouteSequenceNumber": 3971,
    "isAvailable": true,
    "inPromo": false,
    "topCategoryName": "Boissons",
    "topCategoryId": "354",
    "categories": [
      {
        "name": "Boissons",
        "id": "354",
        "children": [
          {
            "name": "Bi\u00e8res",
            "id": "389",
            "children": [
              {
                "name": "Blonde, blonde forte et triple b",
                "id": "394"
              }
            ]
          }
        ]
      }
    ],
    "foodPairing": [
      "Ap\u00e9ritif",
      "Fromages forts",
      "Gibier",
      "Veggie",
      "Viande rouge"
    ],
    "CountryOfOrigin": "BELGIQUE",
    "IsExclusivelySoldInLuxembourg": false,
    "OrderUnit": "P",
    "AlcoholDisclaimermsg": true,
    "InSeason": true,
    "ShortName": "BBPR YETI BANG 4X33CL",
    "IsNew": false,
    "ShowAlcoholLegalMsg": true,
    "RecentQuanityOfStockUnits": "1",
    "FicCode": "E",
    "IsPrivateLabel": false,
    "amount": 1.32,
    "IsBiffe": false,
    "IsWeightArticle": false,
    "WeightconversionFactor": "0",
    "IsBio": false,
    "amountUnit": "kg",
    "CountryOfOriginISO": "BE",
    "EcoscoreLabel": "C",
    "LongName": "BRUSSELS BP Yeti Bang 7,5% 4x33cl",
    "AlcoholVolume": "7.5",
    "StartSeasonDate": "04/09/2024",
    "DepositValue": [
      0.4
    ],
    "EcoscoreValue": "50"
  },
  {
    "technicalArticleNumber": "4411391",
    "commercialArticleNumber": "25435",
    "gtin": [
      "05425029020016",
      "05400141914252",
      "05425029020795"
    ],
    "productId": "687319",
    "name": "Bio 4,5%",
    "description": "*4,5 % vol",
    "brand": "TARAS BOULBA",
    "seoBrand": "Taras Boulba",
    "thumbNail": "https://static.colruytgroup.com/images/200x200/std.lang.all/92/58/asset-2369258.jpg",
    "fullImage": "https://static.colruytgroup.com/images/500x500/std.lang.all/92/58/asset-2369258.jpg",
    "squareImage": "https://static.colruytgroup.com/images/500x500sq/std.lang.all/92/58/asset-2369258.jpg",
    "content": "4x33cl",
    "price": {
      "basicPrice": 7.49,
      "recommendedQuantity": "1.0",
      "quantityPrice": 7.19,
      "quantityPriceQuantity": "3.0",
      "measurementUnitPrice": 5.68,
      "measurementUnitQuantityPrice": 5.45,
      "measurementUnit": "L",
      "isRedPrice": false,
      "pricePerUOM": 5.68,
      "activationDate": "07-05-2025",
      "isPromoActive": "N",
      "priceChangeCode": "E",
      "quantityPricePerUOM": 5.45,
      "quantityActivationDate": "07-05-2025",
      "quantityPriceChangeCode": "E",
      "priceReason": "FALLBACK"
    },
    "isPriceAvailable": true,
    "channelAvailability": [
      "3_BE_STORE",
      "8_BE_STORE",
      "8_BE_COLLECT_NEXT_DAY",
      "8_BE_HOME_DELIVERY_DRIVER"
    ],
    "businessDomain": "RETAIL_BE",
    "walkRouteSequenceNumber": 3975,
    "isAvailable": true,
    "inPromo": false,
    "topCategoryName": "Boissons",
    "topCategoryId": "354",
    "categories": [
      {
        "name": "Boissons",
        "id": "354",
        "children": [
          {
            "name": "Bi\u00e8res",
            "id": "389",
            "children": [
              {
                "name": "Blonde, blonde forte et triple b",
                "id": "394"
              }
            ]
          }
        ]
      }
    ],
    "IsPrivateLabel": false,
    "amount": 1.32,
    "IsBiffe": false,
    "foodPairing": [
      "Viande blanche",
      "Volaille",
      "Fromages doux",
      "Crustac\u00e9s",
      "Barbecue",
      "Ap\u00e9ritif",
      "Salade"
    ],
    "IsWeightArticle": false,
    "WeightconversionFactor": "0",
    "nutriscoreLabel": "E",
    "IsBio": true,
    "CountryOfOrigin": "BELGIQUE",
    "IsExclusivelySoldInLuxembourg": false,
    "OrderUnit": "P",
    "AlcoholDisclaimermsg": true,
    "ShortName": "TARA 4.5% BIO 4X33CL",
    "IsNew": false,
    "amountUnit": "kg",
    "CountryOfOriginISO": "BE",
    "EcoscoreLabel": "E",
    "ShowAlcoholLegalMsg": true,
    "LongName": "TARAS BOULBA Bio 4,5% 4x33cl",
    "RecentQuanityOfStockUnits": "1",
    "AlcoholVolume": "4.5",
    "FicCode": "E",
    "DepositValue": [
      0.4
    ],
    "EcoscoreValue": "12"
  },
  {
    "technicalArticleNumber": "4413957",
    "commercialArticleNumber": "9696",
    "gtin": [
      "05400141940572",
      "05412983309028"
    ],
    "productId": "688746",
    "name": "Prestige triple 9,0%",
    "description": "*Bi\u00e8re blonde forte\n*9 % vol",
    "brand": "BON SECOURS",
    "seoBrand": "Bon Secours",
    "thumbNail": "https://static.colruytgroup.com/images/200x200/std.lang.all/18/19/asset-2371819.jpg",
    "fullImage": "https://static.colruytgroup.com/images/500x500/std.lang.all/18/19/asset-2371819.jpg",
    "squareImage": "https://static.colruytgroup.com/images/500x500sq/std.lang.all/18/19/asset-2371819.jpg",
    "content": "4x33cl",
    "price": {
      "basicPrice": 7.52,
      "recommendedQuantity": "1.0",
      "quantityPrice": 7.22,
      "quantityPriceQuantity": "3.0",
      "measurementUnitPrice": 5.7,
      "measurementUnitQuantityPrice": 5.47,
      "measurementUnit": "L",
      "isRedPrice": false,
      "pricePerUOM": 5.7,
      "activationDate": "28-05-2025",
      "recordSource": "Offline",
      "isPromoActive": "N",
      "priceChangeCode": "L",
      "quantityPricePerUOM": 5.47,
      "quantityActivationDate": "28-05-2025",
      "quantityPriceChangeCode": "L",
      "priceReason": "Reaction"
    },
    "isPriceAvailable": true,
    "channelAvailability": [
      "8_BE_STORE",
      "8_LU_STORE",
      "8_BE_COLLECT_NEXT_DAY",
      "8_BE_HOME_DELIVERY_DRIVER"
    ],
    "businessDomain": "RETAIL_BE",
    "walkRouteSequenceNumber": 3933,
    "isAvailable": true,
    "inPromo": false,
    "topCategoryName": "Boissons",
    "topCategoryId": "354",
    "categories": [
      {
        "name": "Boissons",
        "id": "354",
        "children": [
          {
            "name": "Bi\u00e8res",
            "id": "389",
            "children": [
              {
                "name": "Blonde, blonde forte et triple b",
                "id": "394"
              }
            ]
          }
        ]
      }
    ],
    "IsPrivateLabel": false,
    "amount": 1.32,
    "IsBiffe": false,
    "foodPairing": [
      "Poisson",
      "Gibier",
      "Fromages forts",
      "Desserts",
      "Viande rouge"
    ],
    "IsWeightArticle": false,
    "WeightconversionFactor": "0",
    "IsBio": false,
    "CountryOfOrigin": "BELGIQUE",
    "IsExclusivelySoldInLuxembourg": false,
    "OrderUnit": "P",
    "AlcoholDisclaimermsg": true,
    "ShortName": "BONS PRESTIGE TR.4X33CL",
    "IsNew": false,
    "amountUnit": "kg",
    "CountryOfOriginISO": "BE",
    "EcoscoreLabel": "D",
    "ShowAlcoholLegalMsg": true,
    "LongName": "BON SECOURS Prestige triple 9,0% 4x33cl",
    "RecentQuanityOfStockUnits": "1",
    "AlcoholVolume": "9",
    "FicCode": "E",
    "DepositValue": [
      {
        "source": "2.0",
        "parsedValue": 2
      }
    ],
    "EcoscoreValue": "37"
  },
  {
    "technicalArticleNumber": "4271552",
    "commercialArticleNumber": "22950",
    "gtin": [
      "05410218007657",
      "05410218007640"
    ],
    "productId": "603477",
    "name": "Tripel 8,0%vol",
    "description": "*Bi\u00e8re blonde forte\n*8% vol\n*Referment. en bout.",
    "brand": "WATERLOO",
    "seoBrand": "Waterloo",
    "thumbNail": "https://static.colruytgroup.com/images/200x200/std.lang.all/08/35/asset-3790835.jpg",
    "fullImage": "https://static.colruytgroup.com/images/500x500/std.lang.all/08/35/asset-3790835.jpg",
    "squareImage": "https://static.colruytgroup.com/images/500x500sq/std.lang.all/08/35/asset-3790835.jpg",
    "content": "4x33cl",
    "price": {
      "basicPrice": 7.55,
      "recommendedQuantity": "1.0",
      "quantityPrice": 5.32,
      "quantityPriceQuantity": "2.0",
      "measurementUnitPrice": 5.72,
      "measurementUnitQuantityPrice": 4.04,
      "measurementUnit": "L",
      "isRedPrice": false,
      "pricePerUOM": 5.72,
      "activationDate": "03-06-2025",
      "recordSource": "Offline",
      "isPromoActive": "N",
      "priceChangeCode": "E",
      "quantityPricePerUOM": 4.04,
      "quantityActivationDate": "03-06-2025",
      "quantityPriceChangeCode": "L",
      "reactPromoConcurrent": true,
      "priceReason": "Reaction"
    },
    "isPriceAvailable": true,
    "channelAvailability": [
      "8_BE_STORE",
      "8_BE_COLLECT_NEXT_DAY",
      "8_BE_HOME_DELIVERY",
      "8_BE_HOME_DELIVERY_DRIVER"
    ],
    "businessDomain": "RETAIL_BE",
    "walkRouteSequenceNumber": 3916,
    "isAvailable": true,
    "inPromo": false,
    "topCategoryName": "Boissons",
    "topCategoryId": "354",
    "categories": [
      {
        "name": "Boissons",
        "id": "354",
        "children": [
          {
            "name": "Bi\u00e8res",
            "id": "389",
            "children": [
              {
                "name": "Blonde, blonde forte et triple b",
                "id": "394"
              }
            ]
          }
        ]
      }
    ],
    "IsPrivateLabel": false,
    "amount": 1.32,
    "IsBiffe": false,
    "foodPairing": [
      "Desserts",
      "Gibier",
      "Poisson",
      "Fromages forts",
      "Crustac\u00e9s",
      "Volaille",
      "Viande rouge",
      "Viande blanche"
    ],
    "IsWeightArticle": false,
    "WeightconversionFactor": "0",
    "IsBio": false,
    "CountryOfOrigin": "BELGIQUE",
    "IsExclusivelySoldInLuxembourg": false,
    "OrderUnit": "P",
    "AlcoholDisclaimermsg": true,
    "ShortName": "WATE TRIPLE 8.0% 4X33CL",
    "IsNew": false,
    "amountUnit": "kg",
    "CountryOfOriginISO": "BE",
    "ShowAlcoholLegalMsg": true,
    "LongName": "WATERLOO Tripel 8,0%vol 4x33cl",
    "RecentQuanityOfStockUnits": "1,6",
    "AlcoholVolume": "8",
    "FicCode": "E",
    "DepositValue": [
      0.4
    ]
  },
  {
    "technicalArticleNumber": "4394130",
    "commercialArticleNumber": "12629",
    "gtin": [
      "05400141608687",
      "05412858000357"
    ],
    "productId": "677284",
    "name": "triple 8,1%",
    "description": "*Bi\u00e8re trappiste\n*8,1 % vol\n*Referment. en bout.",
    "brand": "TRAPPISTES ROCHEFORT",
    "seoBrand": "Trappistes Rochefort",
    "thumbNail": "https://static.colruytgroup.com/images/200x200/std.lang.all/00/75/asset-2330075.jpg",
    "fullImage": "https://static.colruytgroup.com/images/500x500/std.lang.all/00/75/asset-2330075.jpg",
    "squareImage": "https://static.colruytgroup.com/images/500x500sq/std.lang.all/00/75/asset-2330075.jpg",
    "content": "4x33cl",
    "price": {
      "basicPrice": 7.56,
      "recommendedQuantity": "1.0",
      "quantityPrice": 7.26,
      "quantityPriceQuantity": "3.0",
      "measurementUnitPrice": 5.73,
      "measurementUnitQuantityPrice": 5.5,
      "measurementUnit": "L",
      "isRedPrice": false,
      "pricePerUOM": 5.73,
      "activationDate": "07-03-2025",
      "recordSource": "Offline",
      "isPromoActive": "N",
      "priceChangeCode": "H",
      "quantityPricePerUOM": 5.5,
      "quantityActivationDate": "07-03-2025",
      "quantityPriceChangeCode": "E",
      "priceReason": "Reaction"
    },
    "isPriceAvailable": true,
    "channelAvailability": [
      "8_BE_STORE",
      "8_BE_COLLECT_NEXT_DAY",
      "8_BE_HOME_DELIVERY",
      "8_BE_HOME_DELIVERY_DRIVER"
    ],
    "businessDomain": "RETAIL_BE",
    "walkRouteSequenceNumber": 3819,
    "isAvailable": true,
    "inPromo": false,
    "topCategoryName": "Boissons",
    "topCategoryId": "354",
    "categories": [
      {
        "name": "Boissons",
        "id": "354",
        "children": [
          {
            "name": "Bi\u00e8res",
            "id": "389",
            "children": [
              {
                "name": "Bi\u00e8re d'Abbaye, Trappiste blonde & amb",
                "id": "391"
              }
            ]
          }
        ]
      }
    ],
    "IsPrivateLabel": false,
    "amount": 1.32,
    "IsBiffe": false,
    "foodPairing": [
      "Desserts",
      "Fromages forts",
      "Gibier",
      "Poisson",
      "Veggie",
      "Crustac\u00e9s",
      "Viande rouge",
      "Volaille",
      "Viande blanche"
    ],
    "IsWeightArticle": false,
    "WeightconversionFactor": "0",
    "IsBio": false,
    "CountryOfOrigin": "BELGIQUE",
    "IsExclusivelySoldInLuxembourg": false,
    "OrderUnit": "P",
    "AlcoholDisclaimermsg": true,
    "ShortName": "ROCH TRIPLE EXTRA4X33CL",
    "IsNew": false,
    "amountUnit": "kg",
    "CountryOfOriginISO": "BE",
    "EcoscoreLabel": "B",
    "ShowAlcoholLegalMsg": true,
    "LongName": "TRAPPISTES ROCHEFORT triple 8,1% 4x33cl",
    "RecentQuanityOfStockUnits": "1",
    "AlcoholVolume": "8.1",
    "FicCode": "E",
    "DepositValue": [
      0.4
    ],
    "EcoscoreValue": "72"
  },
  {
    "technicalArticleNumber": "4878623",
    "commercialArticleNumber": "39101",
    "gtin": [
      "05412583204914",
      "05400141475982"
    ],
    "productId": "1257905",
    "name": "Blonde 6,9%",
    "brand": "GENTSE STROP",
    "seoBrand": "Gentse Strop",
    "thumbNail": "https://static.colruytgroup.com/images/200x200/std.lang.all/65/92/asset-3776592.jpg",
    "fullImage": "https://static.colruytgroup.com/images/500x500/std.lang.all/65/92/asset-3776592.jpg",
    "squareImage": "https://static.colruytgroup.com/images/500x500sq/std.lang.all/65/92/asset-3776592.jpg",
    "content": "6x33cl",
    "price": {
      "basicPrice": 7.62,
      "recommendedQuantity": "1.0",
      "measurementUnitPrice": 3.85,
      "measurementUnit": "L",
      "isRedPrice": false,
      "pricePerUOM": 3.85,
      "activationDate": "27-05-2025",
      "isPromoActive": "N",
      "priceChangeCode": "L",
      "priceReason": "FALLBACK"
    },
    "isPriceAvailable": true,
    "channelAvailability": [
      "3_BE_STORE",
      "8_BE_STORE",
      "8_BE_COLLECT_NEXT_DAY",
      "8_BE_HOME_DELIVERY_DRIVER"
    ],
    "businessDomain": "RETAIL_BE",
    "walkRouteSequenceNumber": 3966,
    "isAvailable": true,
    "inPromo": false,
    "topCategoryName": "Boissons",
    "topCategoryId": "354",
    "categories": [
      {
        "name": "Boissons",
        "id": "354",
        "children": [
          {
            "name": "Bi\u00e8res",
            "id": "389",
            "children": [
              {
                "name": "Blonde, blonde forte et triple b",
                "id": "394"
              }
            ]
          }
        ]
      }
    ],
    "IsPrivateLabel": false,
    "amount": 1.98,
    "IsBiffe": false,
    "foodPairing": [
      "Fromages doux",
      "Desserts",
      "Crustac\u00e9s",
      "P\u00e2tes & pizza",
      "Volaille",
      "Veggie",
      "Salade",
      "Barbecue"
    ],
    "IsWeightArticle": false,
    "WeightconversionFactor": "0",
    "IsBio": false,
    "CountryOfOrigin": "BELGIQUE",
    "IsExclusivelySoldInLuxembourg": false,
    "OrderUnit": "P",
    "AlcoholDisclaimermsg": true,
    "ShortName": "GENTSE STROP 6X33CL",
    "IsNew": false,
    "amountUnit": "kg",
    "CountryOfOriginISO": "BE",
    "EcoscoreLabel": "B",
    "ShowAlcoholLegalMsg": true,
    "LongName": "GENTSE STROP Blonde 6,9% 6x33cl",
    "RecentQuanityOfStockUnits": "1",
    "AlcoholVolume": "6.9",
    "FicCode": "E",
    "DepositValue": [
      0.6
    ],
    "EcoscoreValue": "72"
  },
  {
    "technicalArticleNumber": "4276809",
    "commercialArticleNumber": "23131",
    "gtin": [
      "05410228295044",
      "05410228305590",
      "05410228275992",
      "05410228275985",
      "05410228295037"
    ],
    "productId": "606437",
    "name": "blonde 8,5%",
    "description": "*Bi\u00e8re blonde forte\n*8,5 % vol",
    "brand": "VICTORIA",
    "seoBrand": "Victoria",
    "thumbNail": "https://static.colruytgroup.com/images/200x200/std.lang.all/84/08/asset-2138408.jpg",
    "fullImage": "https://static.colruytgroup.com/images/500x500/std.lang.all/84/08/asset-2138408.jpg",
    "squareImage": "https://static.colruytgroup.com/images/500x500sq/std.lang.all/84/08/asset-2138408.jpg",
    "content": "6x33cl",
    "price": {
      "basicPrice": 7.65,
      "recommendedQuantity": "1.0",
      "measurementUnitPrice": 3.87,
      "measurementUnit": "L",
      "isRedPrice": false,
      "pricePerUOM": 3.87,
      "activationDate": "30-05-2025",
      "recordSource": "Offline",
      "isPromoActive": "N",
      "priceChangeCode": "E",
      "priceReason": "Reaction"
    },
    "isPriceAvailable": true,
    "channelAvailability": [
      "3_BE_STORE",
      "8_BE_STORE",
      "8_LU_STORE",
      "8_BE_COLLECT_NEXT_DAY",
      "8_BE_HOME_DELIVERY",
      "8_BE_HOME_DELIVERY_DRIVER"
    ],
    "businessDomain": "RETAIL_BE",
    "walkRouteSequenceNumber": 4002,
    "isAvailable": true,
    "inPromo": true,
    "promotion": [
      {
        "techPromoId": "101339COLR",
        "promotionId": "101339",
        "promotionType": "3",
        "isPersonalized": "N",
        "publicationStartDate": "04-06-2025",
        "publicationEndDate": "17-06-2025",
        "topPromo": false
      }
    ],
    "topCategoryName": "Boissons",
    "topCategoryId": "354",
    "categories": [
      {
        "name": "Boissons",
        "id": "354",
        "children": [
          {
            "name": "Bi\u00e8res",
            "id": "389",
            "children": [
              {
                "name": "Blonde, blonde forte et triple b",
                "id": "394"
              }
            ]
          }
        ]
      }
    ],
    "IsPrivateLabel": false,
    "amount": 1.98,
    "IsBiffe": false,
    "foodPairing": [
      "P\u00e2tes & pizza",
      "Desserts",
      "Viande rouge",
      "Crustac\u00e9s",
      "Poisson",
      "Gibier",
      "Fromages forts"
    ],
    "IsWeightArticle": false,
    "WeightconversionFactor": "0",
    "IsBio": false,
    "CountryOfOrigin": "BELGIQUE",
    "IsExclusivelySoldInLuxembourg": false,
    "OrderUnit": "P",
    "AlcoholDisclaimermsg": true,
    "ShortName": "VICT BLONDE 8.5% 6X33CL",
    "IsNew": false,
    "amountUnit": "kg",
    "CountryOfOriginISO": "BE",
    "ShowAlcoholLegalMsg": true,
    "LongName": "VICTORIA blonde 8,5% 6x33cl",
    "RecentQuanityOfStockUnits": "1,4",
    "AlcoholVolume": "8.5",
    "FicCode": "E",
    "DepositValue": [
      0.6
    ]
  },
  {
    "technicalArticleNumber": "1919937",
    "commercialArticleNumber": "5354",
    "gtin": [
      "05400141053548",
      "00000025053548"
    ],
    "productId": "28906",
    "name": "extra Pilsner 5,2%",
    "description": "*Pils de luxe\n*5,2 % vol",
    "brand": "VEDETT",
    "seoBrand": "Vedett",
    "thumbNail": "https://static.colruytgroup.com/images/200x200/std.lang.all/35/98/asset-3443598.jpg",
    "fullImage": "https://static.colruytgroup.com/images/500x500/std.lang.all/35/98/asset-3443598.jpg",
    "squareImage": "https://static.colruytgroup.com/images/500x500sq/std.lang.all/35/98/asset-3443598.jpg",
    "content": "6x33cl",
    "price": {
      "basicPrice": 7.68,
      "recommendedQuantity": "1.0",
      "measurementUnitPrice": 3.88,
      "measurementUnit": "L",
      "isRedPrice": false,
      "pricePerUOM": 3.88,
      "activationDate": "30-04-2025",
      "recordSource": "Online",
      "isPromoActive": "N",
      "priceChangeCode": "E",
      "priceReason": "Reaction"
    },
    "isPriceAvailable": true,
    "channelAvailability": [
      "3_BE_STORE",
      "8_BE_STORE",
      "8_BE_COLLECT_NEXT_DAY",
      "8_BE_HOME_DELIVERY",
      "8_BE_HOME_DELIVERY_DRIVER"
    ],
    "businessDomain": "RETAIL_BE",
    "walkRouteSequenceNumber": 4089,
    "isAvailable": true,
    "inPromo": false,
    "topCategoryName": "Boissons",
    "topCategoryId": "354",
    "categories": [
      {
        "name": "Boissons",
        "id": "354",
        "children": [
          {
            "name": "Bi\u00e8res",
            "id": "389",
            "children": [
              {
                "name": "Pils",
                "id": "1551",
                "children": [
                  {
                    "name": "Pils en bouteille",
                    "id": "1552"
                  }
                ]
              }
            ]
          }
        ]
      }
    ],
    "IsPrivateLabel": false,
    "amount": 1.98,
    "IsBiffe": false,
    "foodPairing": [
      "Volaille",
      "Veggie",
      "Salade",
      "P\u00e2tes & pizza",
      "Poisson",
      "Fromages doux",
      "Crustac\u00e9s",
      "Ap\u00e9ritif"
    ],
    "IsWeightArticle": false,
    "WeightconversionFactor": "0",
    "IsBio": false,
    "CountryOfOrigin": "BELGIQUE",
    "IsExclusivelySoldInLuxembourg": false,
    "OrderUnit": "P",
    "AlcoholDisclaimermsg": true,
    "ShortName": "VEDETT 6X33CL",
    "IsNew": false,
    "amountUnit": "kg",
    "CountryOfOriginISO": "BE",
    "EcoscoreLabel": "D",
    "ShowAlcoholLegalMsg": true,
    "LongName": "VEDETT extra Pilsner 5,2% 6x33cl",
    "RecentQuanityOfStockUnits": "1",
    "AlcoholVolume": "5.2",
    "FicCode": "I",
    "DepositValue": [
      0.6
    ],
    "EcoscoreValue": "37"
  },
  {
    "technicalArticleNumber": "4413274",
    "commercialArticleNumber": "5337",
    "gtin": [
      "05425006700283",
      "05400141933086",
      "05425006700139"
    ],
    "productId": "688371",
    "name": "magma 9%",
    "description": "*9% vol",
    "brand": "TROUBADOUR",
    "seoBrand": "Troubadour",
    "thumbNail": "https://static.colruytgroup.com/images/200x200/std.lang.all/94/63/asset-2449463.jpg",
    "fullImage": "https://static.colruytgroup.com/images/500x500/std.lang.all/94/63/asset-2449463.jpg",
    "squareImage": "https://static.colruytgroup.com/images/500x500sq/std.lang.all/94/63/asset-2449463.jpg",
    "content": "4x33cl",
    "price": {
      "basicPrice": 7.76,
      "recommendedQuantity": "1.0",
      "measurementUnitPrice": 5.88,
      "measurementUnit": "L",
      "isRedPrice": false,
      "pricePerUOM": 5.88,
      "activationDate": "03-06-2025",
      "isPromoActive": "N",
      "priceChangeCode": "L",
      "priceReason": "FALLBACK"
    },
    "isPriceAvailable": true,
    "channelAvailability": [
      "8_BE_STORE",
      "8_BE_COLLECT_NEXT_DAY",
      "8_BE_HOME_DELIVERY",
      "8_BE_HOME_DELIVERY_DRIVER"
    ],
    "businessDomain": "RETAIL_BE",
    "walkRouteSequenceNumber": 3967,
    "isAvailable": true,
    "inPromo": false,
    "topCategoryName": "Boissons",
    "topCategoryId": "354",
    "categories": [
      {
        "name": "Boissons",
        "id": "354",
        "children": [
          {
            "name": "Bi\u00e8res",
            "id": "389",
            "children": [
              {
                "name": "Blonde, blonde forte et triple b",
                "id": "394"
              }
            ]
          }
        ]
      }
    ],
    "IsPrivateLabel": false,
    "amount": 1.32,
    "IsBiffe": false,
    "foodPairing": [
      "Crustac\u00e9s",
      "Fromages forts",
      "P\u00e2tes & pizza",
      "Barbecue",
      "Viande rouge"
    ],
    "IsWeightArticle": false,
    "WeightconversionFactor": "0",
    "IsBio": false,
    "CountryOfOrigin": "BELGIQUE",
    "IsExclusivelySoldInLuxembourg": false,
    "OrderUnit": "P",
    "AlcoholDisclaimermsg": true,
    "ShortName": "TROU MAGMA 9% 4X33CL",
    "IsNew": false,
    "amountUnit": "kg",
    "CountryOfOriginISO": "BE",
    "EcoscoreLabel": "B",
    "ShowAlcoholLegalMsg": true,
    "LongName": "TROUBADOUR magma 9% 4x33cl",
    "RecentQuanityOfStockUnits": "1",
    "AlcoholVolume": "9.8",
    "FicCode": "E",
    "DepositValue": [
      0.4
    ],
    "EcoscoreValue": "71"
  },
  {
    "technicalArticleNumber": "4887526",
    "commercialArticleNumber": "39332",
    "gtin": [
      "05400141623628",
      "05410263932119"
    ],
    "productId": "1264408",
    "name": "Blonde 0,0%",
    "description": "*Bi\u00e8re d'abbaye\n*Blonde\n*Sans alcool",
    "brand": "AFFLIGEM",
    "seoBrand": "Affligem",
    "thumbNail": "https://static.colruytgroup.com/images/200x200/std.lang.all/97/16/asset-3789716.jpg",
    "fullImage": "https://static.colruytgroup.com/images/500x500/std.lang.all/97/16/asset-3789716.jpg",
    "squareImage": "https://static.colruytgroup.com/images/500x500sq/std.lang.all/97/16/asset-3789716.jpg",
    "content": "6x30cl",
    "price": {
      "basicPrice": 7.78,
      "recommendedQuantity": "1.0",
      "measurementUnitPrice": 4.33,
      "measurementUnit": "L",
      "isRedPrice": false,
      "pricePerUOM": 4.33,
      "activationDate": "30-05-2025",
      "recordSource": "Offline",
      "isPromoActive": "N",
      "priceChangeCode": "E",
      "priceReason": "Reaction"
    },
    "isPriceAvailable": true,
    "channelAvailability": [
      "8_BE_STORE",
      "8_BE_COLLECT_NEXT_DAY",
      "8_BE_HOME_DELIVERY",
      "8_BE_HOME_DELIVERY_DRIVER"
    ],
    "businessDomain": "RETAIL_BE",
    "walkRouteSequenceNumber": 4118,
    "isAvailable": true,
    "inPromo": false,
    "topCategoryName": "Boissons",
    "topCategoryId": "354",
    "categories": [
      {
        "name": "Boissons",
        "id": "354",
        "children": [
          {
            "name": "Bi\u00e8res",
            "id": "389",
            "children": [
              {
                "name": "Blonde, blonde forte et triple b",
                "id": "394"
              }
            ]
          }
        ]
      }
    ],
    "IsPrivateLabel": false,
    "amount": 1.8,
    "IsBiffe": false,
    "foodPairing": [
      "Barbecue",
      "Ap\u00e9ritif",
      "Crustac\u00e9s",
      "Fromages doux",
      "Poisson",
      "P\u00e2tes & pizza",
      "Veggie",
      "Viande blanche",
      "Viande rouge",
      "Salade"
    ],
    "IsWeightArticle": false,
    "WeightconversionFactor": "0",
    "nutriscoreLabel": "C",
    "IsBio": false,
    "CountryOfOrigin": "BELGIQUE",
    "IsExclusivelySoldInLuxembourg": false,
    "OrderUnit": "P",
    "AlcoholDisclaimermsg": false,
    "ShortName": "AFFL BLONDE 0.0% 6X30CL",
    "IsNew": false,
    "amountUnit": "kg",
    "CountryOfOriginISO": "BE",
    "EcoscoreLabel": "D",
    "ShowAlcoholLegalMsg": false,
    "LongName": "AFFLIGEM Blonde 0,0% 6x30cl",
    "RecentQuanityOfStockUnits": "1",
    "AlcoholVolume": "0",
    "FicCode": "E",
    "DepositValue": [
      0.6
    ],
    "EcoscoreValue": "37"
  },
  {
    "technicalArticleNumber": "1434515",
    "commercialArticleNumber": "6694",
    "gtin": [
      "05410263003499",
      "05410263010664",
      "05400141026030"
    ],
    "productId": "16722",
    "name": "bi\u00e8re abb.double 6,5%",
    "description": "*Double bi\u00e8re\n*Haute fermentation\n*Bi\u00e8re belge\n*IBU 22, fruit\u00e9e\n*6,5% VOL",
    "brand": "GRIMBERGEN",
    "seoBrand": "Grimbergen",
    "thumbNail": "https://static.colruytgroup.com/images/200x200/std.lang.all/30/34/asset-3813034.jpg",
    "fullImage": "https://static.colruytgroup.com/images/500x500/std.lang.all/30/34/asset-3813034.jpg",
    "squareImage": "https://static.colruytgroup.com/images/500x500sq/std.lang.all/30/34/asset-3813034.jpg",
    "content": "8x33cl",
    "price": {
      "basicPrice": 7.79,
      "recommendedQuantity": "1.0",
      "measurementUnitPrice": 2.96,
      "measurementUnit": "L",
      "isRedPrice": false,
      "pricePerUOM": 2.96,
      "activationDate": "04-06-2025",
      "recordSource": "Folder",
      "isPromoActive": "N",
      "priceChangeCode": "E",
      "priceReason": "Reaction"
    },
    "isPriceAvailable": true,
    "channelAvailability": [
      "3_BE_STORE",
      "8_BE_STORE",
      "8_LU_STORE",
      "8_BE_COLLECT_NEXT_DAY",
      "8_BE_HOME_DELIVERY",
      "8_BE_HOME_DELIVERY_DRIVER"
    ],
    "businessDomain": "RETAIL_BE",
    "walkRouteSequenceNumber": 3892,
    "isAvailable": true,
    "inPromo": false,
    "topCategoryName": "Boissons",
    "topCategoryId": "354",
    "categories": [
      {
        "name": "Boissons",
        "id": "354",
        "children": [
          {
            "name": "Bi\u00e8res",
            "id": "389",
            "children": [
              {
                "name": "Bi\u00e8re d'Abbaye et Trappiste brune",
                "id": "1851"
              }
            ]
          }
        ]
      }
    ],
    "IsPrivateLabel": false,
    "amount": 2.64,
    "IsBiffe": false,
    "foodPairing": [
      "Viande blanche",
      "Viande rouge",
      "Desserts",
      "Fromages forts",
      "Gibier",
      "Veggie"
    ],
    "IsWeightArticle": false,
    "WeightconversionFactor": "0",
    "IsBio": false,
    "CountryOfOrigin": "BELGIQUE",
    "IsExclusivelySoldInLuxembourg": false,
    "OrderUnit": "P",
    "AlcoholDisclaimermsg": true,
    "ShortName": "GRIMBERG DOUBLE 8X33CL",
    "IsNew": false,
    "amountUnit": "kg",
    "CountryOfOriginISO": "BE",
    "EcoscoreLabel": "D",
    "ShowAlcoholLegalMsg": true,
    "LongName": "GRIMBERGEN bi\u00e8re abb.double 6,5% 8x33cl",
    "RecentQuanityOfStockUnits": "1",
    "AlcoholVolume": "6.5",
    "FicCode": "I",
    "DepositValue": [
      0.8
    ],
    "EcoscoreValue": "37"
  },
  {
    "technicalArticleNumber": "1434517",
    "commercialArticleNumber": "6697",
    "gtin": [
      "05400141026054",
      "05410263015669",
      "05410263003475"
    ],
    "productId": "16723",
    "name": "bi\u00e8re abb.blonde 6,7%",
    "description": "*Bi\u00e8re blonde\n*Haute fermentation\n*Bi\u00e8re belge\n*IBU 22, fruit\u00e9e\n*6,7% VOL",
    "brand": "GRIMBERGEN",
    "seoBrand": "Grimbergen",
    "thumbNail": "https://static.colruytgroup.com/images/200x200/std.lang.all/30/35/asset-3813035.jpg",
    "fullImage": "https://static.colruytgroup.com/images/500x500/std.lang.all/30/35/asset-3813035.jpg",
    "squareImage": "https://static.colruytgroup.com/images/500x500sq/std.lang.all/30/35/asset-3813035.jpg",
    "content": "8x33cl",
    "price": {
      "basicPrice": 7.79,
      "recommendedQuantity": "1.0",
      "measurementUnitPrice": 2.96,
      "measurementUnit": "L",
      "isRedPrice": false,
      "pricePerUOM": 2.96,
      "activationDate": "04-06-2025",
      "recordSource": "Folder",
      "isPromoActive": "N",
      "priceChangeCode": "L",
      "priceReason": "Reaction"
    },
    "isPriceAvailable": true,
    "channelAvailability": [
      "3_BE_STORE",
      "8_BE_STORE",
      "8_LU_STORE",
      "8_BE_COLLECT_NEXT_DAY",
      "8_BE_HOME_DELIVERY",
      "8_BE_HOME_DELIVERY_DRIVER"
    ],
    "businessDomain": "RETAIL_BE",
    "walkRouteSequenceNumber": 3869,
    "isAvailable": true,
    "inPromo": false,
    "topCategoryName": "Boissons",
    "topCategoryId": "354",
    "categories": [
      {
        "name": "Boissons",
        "id": "354",
        "children": [
          {
            "name": "Bi\u00e8res",
            "id": "389",
            "children": [
              {
                "name": "Bi\u00e8re d'Abbaye, Trappiste blonde & amb",
                "id": "391"
              }
            ]
          }
        ]
      }
    ],
    "IsPrivateLabel": false,
    "amount": 2.64,
    "IsBiffe": false,
    "foodPairing": [
      "Volaille",
      "Viande rouge",
      "Crustac\u00e9s",
      "Desserts",
      "Fromages forts",
      "Gibier",
      "Viande blanche",
      "Veggie",
      "Poisson"
    ],
    "IsWeightArticle": false,
    "WeightconversionFactor": "0",
    "IsBio": false,
    "CountryOfOrigin": "BELGIQUE",
    "IsExclusivelySoldInLuxembourg": false,
    "OrderUnit": "P",
    "AlcoholDisclaimermsg": true,
    "ShortName": "GRIMBERGEN BLONDE 8X33C",
    "IsNew": false,
    "amountUnit": "kg",
    "CountryOfOriginISO": "BE",
    "EcoscoreLabel": "D",
    "ShowAlcoholLegalMsg": true,
    "LongName": "GRIMBERGEN bi\u00e8re abb.blonde 6,7% 8x33cl",
    "RecentQuanityOfStockUnits": "1",
    "AlcoholVolume": "6.7",
    "FicCode": "I",
    "DepositValue": [
      0.8
    ],
    "EcoscoreValue": "37"
  },
  {
    "technicalArticleNumber": "4834435",
    "commercialArticleNumber": "22952",
    "gtin": [
      "05400141867800"
    ],
    "productId": "1190153",
    "name": "Hopera 6%+visite bras.gr.",
    "description": "*Bi\u00e8re blonde\n*6% vol\n*Visite gratuite de\nla brasserie\n*Offre temporaire",
    "brand": "LUPULUS",
    "seoBrand": "Lupulus",
    "thumbNail": "https://ecgproductmw.colruytgroup.com/ecgproductmw/noPicForArticle_2.jpg",
    "fullImage": "https://ecgproductmw.colruytgroup.com/ecgproductmw/noPicForArticle_5.jpg",
    "squareImage": "https://ecgproductmw.colruytgroup.com/ecgproductmw/noPicForArticle_5.jpg",
    "content": "4x33cl",
    "price": {
      "basicPrice": 7.79,
      "recommendedQuantity": "1.0",
      "quantityPrice": 7.17,
      "quantityPriceQuantity": "3.0",
      "measurementUnitPrice": 5.91,
      "measurementUnitQuantityPrice": 5.44,
      "measurementUnit": "L",
      "isRedPrice": false,
      "pricePerUOM": 5.91,
      "activationDate": "30-05-2025",
      "recordSource": "Offline",
      "isPromoActive": "N",
      "priceChangeCode": "E",
      "quantityPricePerUOM": 5.44,
      "quantityActivationDate": "30-05-2025",
      "quantityPriceChangeCode": "H",
      "priceReason": "Reaction"
    },
    "isPriceAvailable": true,
    "channelAvailability": [
      "8_BE_STORE",
      "8_LU_STORE",
      "8_BE_COLLECT_NEXT_DAY",
      "8_BE_HOME_DELIVERY_DRIVER"
    ],
    "businessDomain": "RETAIL_BE",
    "walkRouteSequenceNumber": 3980,
    "isAvailable": true,
    "inPromo": false,
    "topCategoryName": "Boissons",
    "topCategoryId": "354",
    "categories": [
      {
        "name": "Boissons",
        "id": "354",
        "children": [
          {
            "name": "Bi\u00e8res",
            "id": "389",
            "children": [
              {
                "name": "Blonde, blonde forte et triple b",
                "id": "394"
              }
            ]
          }
        ]
      }
    ],
    "IsPrivateLabel": false,
    "amount": 1.32,
    "IsBiffe": false,
    "foodPairing": [
      "Volaille",
      "Ap\u00e9ritif",
      "Barbecue",
      "Fromages doux",
      "P\u00e2tes & pizza",
      "Salade",
      "Veggie",
      "Viande blanche"
    ],
    "IsWeightArticle": false,
    "WeightconversionFactor": "0",
    "IsBio": false,
    "CountryOfOrigin": "BELGIQUE",
    "IsExclusivelySoldInLuxembourg": false,
    "OrderUnit": "P",
    "AlcoholDisclaimermsg": true,
    "ShortName": "LUPU HOPE+BILL.GR4X33CL",
    "IsNew": false,
    "amountUnit": "kg",
    "CountryOfOriginISO": "BE",
    "EcoscoreLabel": "B",
    "ShowAlcoholLegalMsg": true,
    "LongName": "LUPULUS Hopera 6%+visite bras.gr. 4x33cl",
    "RecentQuanityOfStockUnits": "1",
    "AlcoholVolume": "6",
    "FicCode": "E",
    "DepositValue": [
      0.4
    ],
    "EcoscoreValue": "72"
  },
  {
    "technicalArticleNumber": "4428520",
    "commercialArticleNumber": "1616",
    "gtin": [
      "05425025122356",
      "05400141490220",
      "05425025122011"
    ],
    "productId": "697914",
    "name": "Hopera 6%",
    "description": "*Bi\u00e8re blonde\n*6% vol",
    "brand": "LUPULUS",
    "seoBrand": "Lupulus",
    "thumbNail": "https://static.colruytgroup.com/images/200x200/std.lang.all/48/93/asset-2404893.jpg",
    "fullImage": "https://static.colruytgroup.com/images/500x500/std.lang.all/48/93/asset-2404893.jpg",
    "squareImage": "https://static.colruytgroup.com/images/500x500sq/std.lang.all/48/93/asset-2404893.jpg",
    "content": "4x33cl",
    "price": {
      "basicPrice": 7.79,
      "recommendedQuantity": "1.0",
      "quantityPrice": 7.17,
      "quantityPriceQuantity": "3.0",
      "measurementUnitPrice": 5.91,
      "measurementUnitQuantityPrice": 5.44,
      "measurementUnit": "L",
      "isRedPrice": false,
      "pricePerUOM": 5.91,
      "activationDate": "30-05-2025",
      "recordSource": "Offline",
      "isPromoActive": "N",
      "priceChangeCode": "E",
      "quantityPricePerUOM": 5.44,
      "quantityActivationDate": "30-05-2025",
      "quantityPriceChangeCode": "H",
      "priceReason": "Reaction"
    },
    "isPriceAvailable": true,
    "channelAvailability": [
      "8_BE_STORE",
      "8_LU_STORE",
      "8_BE_COLLECT_NEXT_DAY",
      "8_BE_HOME_DELIVERY_DRIVER"
    ],
    "businessDomain": "RETAIL_BE",
    "walkRouteSequenceNumber": 3979,
    "isAvailable": true,
    "inPromo": false,
    "topCategoryName": "Boissons",
    "topCategoryId": "354",
    "categories": [
      {
        "name": "Boissons",
        "id": "354",
        "children": [
          {
            "name": "Bi\u00e8res",
            "id": "389",
            "children": [
              {
                "name": "Blonde, blonde forte et triple b",
                "id": "394"
              }
            ]
          }
        ]
      }
    ],
    "IsPrivateLabel": false,
    "amount": 1.32,
    "IsBiffe": false,
    "foodPairing": [
      "Barbecue",
      "Ap\u00e9ritif",
      "Fromages doux",
      "P\u00e2tes & pizza",
      "Salade",
      "Veggie",
      "Volaille",
      "Viande blanche"
    ],
    "IsWeightArticle": false,
    "WeightconversionFactor": "0",
    "IsBio": false,
    "CountryOfOrigin": "BELGIQUE",
    "IsExclusivelySoldInLuxembourg": false,
    "OrderUnit": "P",
    "AlcoholDisclaimermsg": true,
    "ShortName": "LUPU HOPERA 6% 4X33CL",
    "IsNew": false,
    "amountUnit": "kg",
    "CountryOfOriginISO": "BE",
    "EcoscoreLabel": "B",
    "ShowAlcoholLegalMsg": true,
    "LongName": "LUPULUS Hopera 6% 4x33cl",
    "RecentQuanityOfStockUnits": "1",
    "AlcoholVolume": "6",
    "FicCode": "E",
    "DepositValue": [
      0.4
    ],
    "EcoscoreValue": "72"
  },
  {
    "technicalArticleNumber": "4415869",
    "commercialArticleNumber": "16314",
    "gtin": [
      "05400141962765",
      "05411686701504",
      "05411686701603"
    ],
    "productId": "689981",
    "name": "Fruitesse Alcohol Free",
    "description": "*Bi\u00e8re fruit\u00e9e\n*Sans alcool",
    "brand": "LIEFMANS",
    "seoBrand": "Liefmans",
    "thumbNail": "https://static.colruytgroup.com/images/200x200/std.lang.all/80/01/asset-2768001.jpg",
    "fullImage": "https://static.colruytgroup.com/images/500x500/std.lang.all/80/01/asset-2768001.jpg",
    "squareImage": "https://static.colruytgroup.com/images/500x500sq/std.lang.all/80/01/asset-2768001.jpg",
    "content": "6x25cl",
    "price": {
      "basicPrice": 7.86,
      "recommendedQuantity": "1.0",
      "measurementUnitPrice": 5.24,
      "measurementUnit": "L",
      "isRedPrice": false,
      "pricePerUOM": 5.24,
      "activationDate": "03-06-2025",
      "recordSource": "Online",
      "isPromoActive": "N",
      "priceChangeCode": "E",
      "priceReason": "Reaction"
    },
    "isPriceAvailable": true,
    "channelAvailability": [
      "8_BE_STORE",
      "3_BE_STORE",
      "8_LU_STORE",
      "8_BE_COLLECT_NEXT_DAY",
      "8_BE_HOME_DELIVERY",
      "8_BE_HOME_DELIVERY_DRIVER"
    ],
    "businessDomain": "RETAIL_BE",
    "walkRouteSequenceNumber": 4130,
    "isAvailable": true,
    "inPromo": false,
    "topCategoryName": "Boissons",
    "topCategoryId": "354",
    "categories": [
      {
        "name": "Boissons",
        "id": "354",
        "children": [
          {
            "name": "Bi\u00e8res",
            "id": "389",
            "children": [
              {
                "name": "Bi\u00e8res sans alcool",
                "id": "398"
              }
            ]
          }
        ]
      }
    ],
    "IsPrivateLabel": false,
    "amount": 1.5,
    "IsBiffe": false,
    "foodPairing": [
      "Veggie",
      "Desserts",
      "Ap\u00e9ritif"
    ],
    "IsWeightArticle": false,
    "WeightconversionFactor": "0",
    "nutriscoreLabel": "D",
    "IsBio": false,
    "CountryOfOrigin": "BELGIQUE",
    "IsExclusivelySoldInLuxembourg": false,
    "OrderUnit": "P",
    "AlcoholDisclaimermsg": false,
    "ShortName": "LIEF FRUITESSE0% 6X25CL",
    "IsNew": false,
    "amountUnit": "kg",
    "CountryOfOriginISO": "BE",
    "EcoscoreLabel": "D",
    "ShowAlcoholLegalMsg": false,
    "LongName": "LIEFMANS Fruitesse Alcohol Free 6x25cl",
    "RecentQuanityOfStockUnits": "1",
    "AlcoholVolume": "0.3",
    "FicCode": "E",
    "DepositValue": [
      0.6
    ],
    "EcoscoreValue": "37"
  },
  {
    "technicalArticleNumber": "4088098",
    "commercialArticleNumber": "7947",
    "gtin": [
      "05400141282849",
      "05410769300283",
      "05410769300085"
    ],
    "productId": "509653",
    "name": "bi\u00e8re blonde Houblon 9%",
    "description": "*Bi\u00e8re sp\u00e9ciale\n*9 % vol",
    "brand": "CHOUFFE",
    "seoBrand": "Chouffe",
    "thumbNail": "https://static.colruytgroup.com/images/200x200/std.lang.all/32/86/asset-3843286.jpg",
    "fullImage": "https://static.colruytgroup.com/images/500x500/std.lang.all/32/86/asset-3843286.jpg",
    "squareImage": "https://static.colruytgroup.com/images/500x500sq/std.lang.all/32/86/asset-3843286.jpg",
    "content": "4x33cl",
    "price": {
      "basicPrice": 7.96,
      "recommendedQuantity": "1.0",
      "measurementUnitPrice": 6.04,
      "measurementUnit": "L",
      "isRedPrice": false,
      "pricePerUOM": 6.04,
      "activationDate": "05-06-2025",
      "recordSource": "Offline",
      "isPromoActive": "N",
      "priceChangeCode": "L",
      "priceReason": "Reaction"
    },
    "isPriceAvailable": true,
    "channelAvailability": [
      "3_BE_STORE",
      "8_BE_STORE",
      "8_LU_STORE",
      "8_BE_COLLECT_NEXT_DAY",
      "8_BE_HOME_DELIVERY",
      "8_BE_HOME_DELIVERY_DRIVER"
    ],
    "businessDomain": "RETAIL_BE",
    "walkRouteSequenceNumber": 3955,
    "isAvailable": true,
    "inPromo": false,
    "topCategoryName": "Boissons",
    "topCategoryId": "354",
    "categories": [
      {
        "name": "Boissons",
        "id": "354",
        "children": [
          {
            "name": "Bi\u00e8res",
            "id": "389",
            "children": [
              {
                "name": "Blonde, blonde forte et triple b",
                "id": "394"
              }
            ]
          }
        ]
      }
    ],
    "IsPrivateLabel": false,
    "amount": 1.32,
    "IsBiffe": false,
    "foodPairing": [
      "Gibier",
      "Poisson",
      "P\u00e2tes & pizza",
      "Viande blanche",
      "Viande rouge",
      "Crustac\u00e9s",
      "Desserts",
      "Fromages forts",
      "Volaille"
    ],
    "IsWeightArticle": false,
    "WeightconversionFactor": "0",
    "IsBio": false,
    "CountryOfOrigin": "BELGIQUE",
    "IsExclusivelySoldInLuxembourg": false,
    "OrderUnit": "P",
    "AlcoholDisclaimermsg": true,
    "ShortName": "CHOU HOUBLON 4X33",
    "IsNew": false,
    "amountUnit": "kg",
    "CountryOfOriginISO": "BE",
    "EcoscoreLabel": "D",
    "ShowAlcoholLegalMsg": true,
    "LongName": "CHOUFFE bi\u00e8re blonde Houblon 9% 4x33cl",
    "RecentQuanityOfStockUnits": "1",
    "AlcoholVolume": "9",
    "FicCode": "I",
    "DepositValue": [
      0.4
    ],
    "EcoscoreValue": "37"
  },
  {
    "technicalArticleNumber": "4886494",
    "commercialArticleNumber": "32688",
    "gtin": [
      "15407004097517",
      "05407004097527"
    ],
    "productId": "1263586",
    "name": "Blonde 7%",
    "brand": "KEREL",
    "seoBrand": "Kerel",
    "thumbNail": "https://static.colruytgroup.com/images/200x200/std.lang.all/07/91/asset-3820791.jpg",
    "fullImage": "https://static.colruytgroup.com/images/500x500/std.lang.all/07/91/asset-3820791.jpg",
    "squareImage": "https://static.colruytgroup.com/images/500x500sq/std.lang.all/07/91/asset-3820791.jpg",
    "content": "4x33cl",
    "price": {
      "basicPrice": 7.96,
      "recommendedQuantity": "1.0",
      "measurementUnitPrice": 6.04,
      "measurementUnit": "L",
      "isRedPrice": false,
      "pricePerUOM": 6.04,
      "activationDate": "02-05-2025",
      "isPromoActive": "N",
      "priceChangeCode": "E",
      "priceReason": "FALLBACK"
    },
    "isPriceAvailable": true,
    "channelAvailability": [
      "8_BE_STORE",
      "8_BE_COLLECT_NEXT_DAY",
      "8_BE_HOME_DELIVERY_DRIVER"
    ],
    "businessDomain": "RETAIL_BE",
    "walkRouteSequenceNumber": 3915,
    "isAvailable": true,
    "inPromo": true,
    "promotion": [
      {
        "techPromoId": "101352COLR",
        "promotionId": "101352",
        "promotionType": "3",
        "isPersonalized": "N",
        "publicationStartDate": "04-06-2025",
        "publicationEndDate": "17-06-2025",
        "topPromo": false
      }
    ],
    "topCategoryName": "Boissons",
    "topCategoryId": "354",
    "categories": [
      {
        "name": "Boissons",
        "id": "354",
        "children": [
          {
            "name": "Bi\u00e8res",
            "id": "389",
            "children": [
              {
                "name": "Blonde, blonde forte et triple b",
                "id": "394"
              }
            ]
          }
        ]
      }
    ],
    "IsPrivateLabel": false,
    "amount": 1.32,
    "IsBiffe": false,
    "foodPairing": [
      "P\u00e2tes & pizza",
      "Fromages forts",
      "Veggie",
      "Viande blanche",
      "Ap\u00e9ritif",
      "Barbecue",
      "Viande rouge"
    ],
    "IsWeightArticle": false,
    "WeightconversionFactor": "0",
    "IsBio": false,
    "CountryOfOrigin": "BELGIQUE",
    "IsExclusivelySoldInLuxembourg": false,
    "OrderUnit": "P",
    "AlcoholDisclaimermsg": true,
    "ShortName": "KERE BLONDE 7% 4X33CL",
    "IsNew": false,
    "amountUnit": "kg",
    "CountryOfOriginISO": "BE",
    "EcoscoreLabel": "D",
    "ShowAlcoholLegalMsg": true,
    "LongName": "KEREL Blonde 7% 4x33cl",
    "RecentQuanityOfStockUnits": "1",
    "AlcoholVolume": "7",
    "FicCode": "E",
    "EcoscoreValue": "37"
  },
  {
    "technicalArticleNumber": "4728433",
    "commercialArticleNumber": "31796",
    "gtin": [
      "05410228309451",
      "05410228309079"
    ],
    "productId": "873539",
    "name": "Extra 4,5%",
    "description": "*Pils\n*4,5 % vol",
    "brand": "CORONA",
    "seoBrand": "Corona Extra",
    "thumbNail": "https://static.colruytgroup.com/images/200x200/std.lang.all/27/30/asset-3222730.jpg",
    "fullImage": "https://static.colruytgroup.com/images/500x500/std.lang.all/27/30/asset-3222730.jpg",
    "squareImage": "https://static.colruytgroup.com/images/500x500sq/std.lang.all/27/30/asset-3222730.jpg",
    "content": "6x33cl",
    "price": {
      "basicPrice": 7.99,
      "recommendedQuantity": "1.0",
      "quantityPrice": 3.99,
      "quantityPriceQuantity": "2.0",
      "measurementUnitPrice": 4.04,
      "measurementUnitQuantityPrice": 2.02,
      "measurementUnit": "L",
      "isRedPrice": false,
      "pricePerUOM": 4.04,
      "activationDate": "04-06-2025",
      "recordSource": "Folder",
      "isPromoActive": "N",
      "priceChangeCode": "E",
      "quantityPricePerUOM": 2.02,
      "quantityActivationDate": "04-06-2025",
      "quantityPriceChangeCode": "E",
      "reactPromoConcurrent": true,
      "priceReason": "Reaction"
    },
    "isPriceAvailable": true,
    "channelAvailability": [
      "8_BE_STORE",
      "3_BE_STORE",
      "8_LU_STORE",
      "8_BE_COLLECT_NEXT_DAY",
      "8_BE_HOME_DELIVERY",
      "8_BE_HOME_DELIVERY_DRIVER"
    ],
    "businessDomain": "RETAIL_BE",
    "walkRouteSequenceNumber": 4081,
    "isAvailable": true,
    "inPromo": false,
    "topCategoryName": "Boissons",
    "topCategoryId": "354",
    "categories": [
      {
        "name": "Boissons",
        "id": "354",
        "children": [
          {
            "name": "Bi\u00e8res",
            "id": "389",
            "children": [
              {
                "name": "Pils",
                "id": "1551",
                "children": [
                  {
                    "name": "Pils en bouteille",
                    "id": "1552"
                  }
                ]
              }
            ]
          }
        ]
      }
    ],
    "IsPrivateLabel": false,
    "amount": 1.98,
    "IsBiffe": false,
    "WeightconversionFactor": "0",
    "foodPairing": [
      "Volaille",
      "Veggie",
      "Salade",
      "P\u00e2tes & pizza",
      "Poisson",
      "Fruits de mer",
      "Fromages doux"
    ],
    "IsWeightArticle": false,
    "IsBio": false,
    "CountryOfOrigin": "MEXIQUE",
    "IsExclusivelySoldInLuxembourg": false,
    "OrderUnit": "P",
    "ShortName": "CORO EXTRA 4.5% 6X33CL",
    "AlcoholDisclaimermsg": true,
    "IsNew": false,
    "amountUnit": "kg",
    "CountryOfOriginISO": "MX",
    "ShowAlcoholLegalMsg": true,
    "LongName": "CORONA Extra 4,5% 6x33cl",
    "RecentQuanityOfStockUnits": "4,1",
    "AlcoholVolume": "4.5",
    "FicCode": "E"
  },
  {
    "technicalArticleNumber": "4213121",
    "commercialArticleNumber": "16647",
    "gtin": [
      "05400141350616",
      "05425006243032"
    ],
    "productId": "569306",
    "name": "Whisky Inf. 11.7%",
    "description": "*11,7% vol\n*Bi\u00e8re de\nd\u00e9gustation\n*Double fermentation\navec whisky",
    "brand": "GOUDEN CAROLUS",
    "seoBrand": "Gouden Carolus",
    "thumbNail": "https://static.colruytgroup.com/images/200x200/std.lang.all/64/18/asset-1956418.jpg",
    "fullImage": "https://static.colruytgroup.com/images/500x500/std.lang.all/64/18/asset-1956418.jpg",
    "squareImage": "https://static.colruytgroup.com/images/500x500sq/std.lang.all/64/18/asset-1956418.jpg",
    "content": "4x33cl",
    "price": {
      "basicPrice": 7.99,
      "recommendedQuantity": "1.0",
      "measurementUnitPrice": 6.06,
      "measurementUnit": "L",
      "isRedPrice": false,
      "pricePerUOM": 6.06,
      "activationDate": "30-05-2025",
      "recordSource": "Offline",
      "isPromoActive": "N",
      "priceChangeCode": "E",
      "priceReason": "Reaction"
    },
    "isPriceAvailable": true,
    "channelAvailability": [
      "8_BE_STORE",
      "8_LU_STORE",
      "8_BE_COLLECT_NEXT_DAY",
      "8_BE_HOME_DELIVERY",
      "8_BE_HOME_DELIVERY_DRIVER"
    ],
    "businessDomain": "RETAIL_BE",
    "walkRouteSequenceNumber": 3880,
    "isAvailable": true,
    "inPromo": false,
    "topCategoryName": "Boissons",
    "topCategoryId": "354",
    "categories": [
      {
        "name": "Boissons",
        "id": "354",
        "children": [
          {
            "name": "Bi\u00e8res",
            "id": "389",
            "children": [
              {
                "name": "Bi\u00e8re brune et forte",
                "id": "1848"
              }
            ]
          }
        ]
      }
    ],
    "IsPrivateLabel": false,
    "amount": 1.32,
    "IsBiffe": false,
    "foodPairing": [
      "Viande rouge",
      "Gibier",
      "Fromages forts",
      "Desserts"
    ],
    "IsWeightArticle": false,
    "WeightconversionFactor": "0",
    "IsBio": false,
    "CountryOfOrigin": "BELGIQUE",
    "IsExclusivelySoldInLuxembourg": false,
    "OrderUnit": "P",
    "AlcoholDisclaimermsg": true,
    "ShortName": "GOCA WH INF 11.7%4X33CL",
    "IsNew": false,
    "amountUnit": "kg",
    "CountryOfOriginISO": "BE",
    "EcoscoreLabel": "B",
    "ShowAlcoholLegalMsg": true,
    "LongName": "GOUDEN CAROLUS Whisky Inf. 11.7% 4x33cl",
    "RecentQuanityOfStockUnits": "1",
    "AlcoholVolume": "11.7",
    "FicCode": "E",
    "DepositValue": [
      0.4
    ],
    "EcoscoreValue": "72"
  },
  {
    "technicalArticleNumber": "3743112",
    "commercialArticleNumber": "19118",
    "gtin": [
      "05412215327417",
      "05400141101881"
    ],
    "productId": "312435",
    "name": "blonde 6,5 % vol",
    "description": "*Bi\u00e8re d'abbaye\n*6,5 % vol",
    "brand": "PATER LIEVEN",
    "seoBrand": "Pater Lieven",
    "thumbNail": "https://static.colruytgroup.com/images/200x200/std.lang.all/98/17/asset-1299817.jpg",
    "fullImage": "https://static.colruytgroup.com/images/500x500/std.lang.all/98/17/asset-1299817.jpg",
    "squareImage": "https://static.colruytgroup.com/images/500x500sq/std.lang.all/98/17/asset-1299817.jpg",
    "content": "6x33cl",
    "price": {
      "basicPrice": 7.99,
      "recommendedQuantity": "1.0",
      "measurementUnitPrice": 4.04,
      "measurementUnit": "L",
      "isRedPrice": false,
      "pricePerUOM": 4.04,
      "activationDate": "07-05-2025",
      "isPromoActive": "N",
      "priceChangeCode": "E",
      "priceReason": "Market"
    },
    "isPriceAvailable": true,
    "channelAvailability": [
      "8_BE_STORE",
      "8_BE_COLLECT_NEXT_DAY",
      "8_BE_HOME_DELIVERY_DRIVER"
    ],
    "businessDomain": "RETAIL_BE",
    "walkRouteSequenceNumber": 3963,
    "isAvailable": true,
    "inPromo": false,
    "topCategoryName": "Boissons",
    "topCategoryId": "354",
    "categories": [
      {
        "name": "Boissons",
        "id": "354",
        "children": [
          {
            "name": "Bi\u00e8res",
            "id": "389",
            "children": [
              {
                "name": "Blonde, blonde forte et triple b",
                "id": "394"
              }
            ]
          }
        ]
      }
    ],
    "IsPrivateLabel": false,
    "amount": 1.98,
    "IsBiffe": false,
    "foodPairing": [
      "Desserts",
      "Fromages doux",
      "P\u00e2tes & pizza",
      "Salade",
      "Veggie",
      "Volaille",
      "Barbecue",
      "Crustac\u00e9s"
    ],
    "IsWeightArticle": false,
    "WeightconversionFactor": "0",
    "IsBio": false,
    "CountryOfOrigin": "BELGIQUE",
    "IsExclusivelySoldInLuxembourg": false,
    "OrderUnit": "P",
    "AlcoholDisclaimermsg": true,
    "InSeason": true,
    "ShortName": "RE PALI BLONDE 6X33CL",
    "IsNew": false,
    "amountUnit": "kg",
    "CountryOfOriginISO": "BE",
    "ShowAlcoholLegalMsg": true,
    "LongName": "PATER LIEVEN blonde 6,5 % vol 6x33cl",
    "RecentQuanityOfStockUnits": "1",
    "AlcoholVolume": "6.5",
    "StartSeasonDate": "05/04/2022",
    "FicCode": "E",
    "DepositValue": [
      0.6
    ]
  },
  {
    "technicalArticleNumber": "4875385",
    "commercialArticleNumber": "38946",
    "gtin": [
      "05410263932355",
      "05410263932287"
    ],
    "productId": "1255688",
    "name": "Virgin 0.0%",
    "description": "*Bi\u00e8re sans alcool\n*Agrumes et citron\n*Souple et subtile\n*Servir tr\u00e8s frais\n*0,0% VOL",
    "brand": "DESPERADOS",
    "seoBrand": "Desperados",
    "thumbNail": "https://static.colruytgroup.com/images/200x200/std.lang.all/07/59/asset-3790759.jpg",
    "fullImage": "https://static.colruytgroup.com/images/500x500/std.lang.all/07/59/asset-3790759.jpg",
    "squareImage": "https://static.colruytgroup.com/images/500x500sq/std.lang.all/07/59/asset-3790759.jpg",
    "content": "6x33cl",
    "price": {
      "basicPrice": 7.99,
      "recommendedQuantity": "1.0",
      "measurementUnitPrice": 4.04,
      "measurementUnit": "L",
      "isRedPrice": false,
      "pricePerUOM": 4.04,
      "activationDate": "04-06-2025",
      "recordSource": "Offline",
      "isPromoActive": "N",
      "priceChangeCode": "E",
      "priceReason": "Reaction"
    },
    "isPriceAvailable": true,
    "channelAvailability": [
      "3_BE_STORE",
      "8_BE_STORE",
      "8_LU_STORE",
      "8_BE_COLLECT_NEXT_DAY",
      "8_BE_HOME_DELIVERY",
      "8_BE_HOME_DELIVERY_DRIVER"
    ],
    "businessDomain": "RETAIL_BE",
    "walkRouteSequenceNumber": 4129,
    "isAvailable": true,
    "inPromo": false,
    "topCategoryName": "Boissons",
    "topCategoryId": "354",
    "categories": [
      {
        "name": "Boissons",
        "id": "354",
        "children": [
          {
            "name": "Bi\u00e8res",
            "id": "389",
            "children": [
              {
                "name": "Bi\u00e8res sans alcool",
                "id": "398"
              }
            ]
          }
        ]
      }
    ],
    "IsPrivateLabel": false,
    "amount": 1.98,
    "IsBiffe": false,
    "foodPairing": [
      "Barbecue",
      "Ap\u00e9ritif",
      "Volaille",
      "Crustac\u00e9s",
      "Veggie",
      "Salade",
      "P\u00e2tes & pizza",
      "Poisson",
      "Fromages doux",
      "Viande blanche"
    ],
    "IsWeightArticle": false,
    "WeightconversionFactor": "0",
    "IsBio": false,
    "CountryOfOrigin": "BELGIQUE",
    "IsExclusivelySoldInLuxembourg": false,
    "OrderUnit": "P",
    "AlcoholDisclaimermsg": false,
    "ShortName": "DESP VIRGIN 0.0% 6X33CL",
    "IsNew": false,
    "amountUnit": "kg",
    "CountryOfOriginISO": "BE",
    "ShowAlcoholLegalMsg": false,
    "LongName": "DESPERADOS Virgin 0.0% 6x33cl",
    "RecentQuanityOfStockUnits": "4,1",
    "AlcoholVolume": "0",
    "FicCode": "E",
    "DepositValue": [
      0.6
    ]
  },
  {
    "technicalArticleNumber": "4891634",
    "commercialArticleNumber": "6262",
    "gtin": [
      "05425027971839",
      "05425027971846"
    ],
    "productId": "1267765",
    "name": "Lustrum Brut 10%",
    "brand": "VICARIS",
    "seoBrand": "Vicaris",
    "thumbNail": "https://static.colruytgroup.com/images/200x200/std.lang.all/94/51/asset-3809451.jpg",
    "fullImage": "https://static.colruytgroup.com/images/500x500/std.lang.all/94/51/asset-3809451.jpg",
    "squareImage": "https://static.colruytgroup.com/images/500x500sq/std.lang.all/94/51/asset-3809451.jpg",
    "content": "75cl",
    "price": {
      "basicPrice": 7.99,
      "recommendedQuantity": "1.0",
      "quantityPrice": 7.67,
      "quantityPriceQuantity": "6.0",
      "measurementUnitPrice": 10.66,
      "measurementUnitQuantityPrice": 10.23,
      "measurementUnit": "L",
      "isRedPrice": false,
      "pricePerUOM": 10.66,
      "activationDate": "04-06-2025",
      "isPromoActive": "Y",
      "priceChangeCode": "E",
      "quantityPricePerUOM": 10.23,
      "quantityActivationDate": "04-06-2025",
      "quantityPriceChangeCode": "E",
      "priceReason": "Promo"
    },
    "isPriceAvailable": true,
    "channelAvailability": [
      "8_BE_STORE",
      "8_BE_COLLECT_NEXT_DAY",
      "8_BE_HOME_DELIVERY_DRIVER"
    ],
    "businessDomain": "RETAIL_BE",
    "walkRouteSequenceNumber": 3741,
    "isAvailable": true,
    "inPromo": false,
    "topCategoryName": "Boissons",
    "topCategoryId": "354",
    "categories": [
      {
        "name": "Boissons",
        "id": "354",
        "children": [
          {
            "name": "Bi\u00e8res",
            "id": "389",
            "children": [
              {
                "name": "Blonde, blonde forte et triple b",
                "id": "394"
              }
            ]
          }
        ]
      }
    ],
    "IsPrivateLabel": false,
    "amount": 0.75,
    "IsBiffe": false,
    "foodPairing": [
      "Viande rouge",
      "Viande blanche",
      "Veggie",
      "P\u00e2tes & pizza",
      "Fromages forts",
      "Fromages doux",
      "Barbecue",
      "Ap\u00e9ritif"
    ],
    "IsWeightArticle": false,
    "WeightconversionFactor": "0",
    "IsBio": false,
    "CountryOfOrigin": "BELGIQUE",
    "IsExclusivelySoldInLuxembourg": false,
    "OrderUnit": "P",
    "AlcoholDisclaimermsg": true,
    "ShortName": "VICA LUSTRUM BRUT 75CL",
    "IsNew": false,
    "amountUnit": "kg",
    "CountryOfOriginISO": "BE",
    "EcoscoreLabel": "D",
    "ShowAlcoholLegalMsg": true,
    "LongName": "VICARIS Lustrum Brut 10% 75cl",
    "RecentQuanityOfStockUnits": "1",
    "AlcoholVolume": "10",
    "FicCode": "E",
    "EcoscoreValue": "37"
  },
  {
    "technicalArticleNumber": "4795864",
    "commercialArticleNumber": "35855",
    "gtin": [
      "05411663000262",
      "05411663001672"
    ],
    "productId": "1035667",
    "name": "Triple 7,5%",
    "description": "*Triple\n*Bi\u00e8re blanche\n*7,5% vol",
    "brand": "FOURCHETTE",
    "seoBrand": "Fourchette",
    "thumbNail": "https://static.colruytgroup.com/images/200x200/std.lang.all/82/79/asset-3428279.jpg",
    "fullImage": "https://static.colruytgroup.com/images/500x500/std.lang.all/82/79/asset-3428279.jpg",
    "squareImage": "https://static.colruytgroup.com/images/500x500sq/std.lang.all/82/79/asset-3428279.jpg",
    "content": "75cl",
    "price": {
      "basicPrice": 8.19,
      "recommendedQuantity": "1.0",
      "quantityPrice": 7.86,
      "quantityPriceQuantity": "6.0",
      "measurementUnitPrice": 10.92,
      "measurementUnitQuantityPrice": 10.48,
      "measurementUnit": "L",
      "isRedPrice": false,
      "pricePerUOM": 10.92,
      "activationDate": "30-05-2025",
      "recordSource": "Online",
      "isPromoActive": "N",
      "priceChangeCode": "E",
      "quantityPricePerUOM": 10.48,
      "quantityActivationDate": "30-05-2025",
      "quantityPriceChangeCode": "E",
      "priceReason": "Reaction"
    },
    "isPriceAvailable": true,
    "channelAvailability": [
      "8_BE_STORE",
      "8_LU_STORE",
      "8_BE_COLLECT_NEXT_DAY",
      "8_BE_HOME_DELIVERY_DRIVER"
    ],
    "businessDomain": "RETAIL_BE",
    "walkRouteSequenceNumber": 3857,
    "isAvailable": true,
    "inPromo": false,
    "topCategoryName": "Boissons",
    "topCategoryId": "354",
    "categories": [
      {
        "name": "Boissons",
        "id": "354",
        "children": [
          {
            "name": "Bi\u00e8res",
            "id": "389",
            "children": [
              {
                "name": "Bi\u00e8res 75cl, Emballages Cadeaux",
                "id": "1066"
              }
            ]
          }
        ]
      }
    ],
    "IsPrivateLabel": false,
    "amount": 0.75,
    "IsBiffe": false,
    "foodPairing": [
      "Veggie",
      "Crustac\u00e9s",
      "Fromages doux",
      "Fromages forts",
      "Poisson",
      "P\u00e2tes & pizza",
      "Salade",
      "Barbecue",
      "Viande blanche",
      "Volaille",
      "Ap\u00e9ritif"
    ],
    "IsWeightArticle": false,
    "WeightconversionFactor": "0",
    "IsBio": false,
    "CountryOfOrigin": "BELGIQUE",
    "IsExclusivelySoldInLuxembourg": false,
    "OrderUnit": "P",
    "AlcoholDisclaimermsg": true,
    "ShortName": "FOUR TRIPEL 7.5% 75CL",
    "IsNew": false,
    "amountUnit": "kg",
    "CountryOfOriginISO": "BE",
    "EcoscoreLabel": "D",
    "ShowAlcoholLegalMsg": true,
    "LongName": "FOURCHETTE Triple 7,5% 75cl",
    "RecentQuanityOfStockUnits": "1",
    "AlcoholVolume": "7.5",
    "FicCode": "E",
    "EcoscoreValue": "37"
  },
  {
    "technicalArticleNumber": "4809378",
    "commercialArticleNumber": "24201",
    "gtin": [
      "05410263929539",
      "05410263929546"
    ],
    "productId": "1087133",
    "name": "Mojito 5,9%",
    "description": "*Latin spirit bi\u00e8re\n*\u00c0 l'aguardiente\n*Rhum\n*Servir tr\u00e8s frais\n*5,9 % vol",
    "brand": "DESPERADOS",
    "seoBrand": "Desperados",
    "thumbNail": "https://static.colruytgroup.com/images/200x200/std.lang.all/01/27/asset-3470127.jpg",
    "fullImage": "https://static.colruytgroup.com/images/500x500/std.lang.all/01/27/asset-3470127.jpg",
    "squareImage": "https://static.colruytgroup.com/images/500x500sq/std.lang.all/01/27/asset-3470127.jpg",
    "content": "4x33cl",
    "price": {
      "basicPrice": 8.19,
      "recommendedQuantity": "1.0",
      "measurementUnitPrice": 6.21,
      "measurementUnit": "L",
      "isRedPrice": false,
      "pricePerUOM": 6.21,
      "activationDate": "14-05-2025",
      "recordSource": "Offline",
      "isPromoActive": "N",
      "priceChangeCode": "E",
      "priceReason": "Reaction"
    },
    "isPriceAvailable": true,
    "channelAvailability": [
      "8_BE_STORE",
      "8_BE_COLLECT_NEXT_DAY",
      "8_BE_HOME_DELIVERY",
      "8_BE_HOME_DELIVERY_DRIVER"
    ],
    "businessDomain": "RETAIL_BE",
    "walkRouteSequenceNumber": 4070,
    "isAvailable": true,
    "inPromo": false,
    "topCategoryName": "Boissons",
    "topCategoryId": "354",
    "categories": [
      {
        "name": "Boissons",
        "id": "354",
        "children": [
          {
            "name": "Bi\u00e8res",
            "id": "389",
            "children": [
              {
                "name": "Bi\u00e8re blanche, bi\u00e8re aux fruits et bi",
                "id": "395"
              }
            ]
          }
        ]
      }
    ],
    "IsPrivateLabel": false,
    "amount": 1.32,
    "IsBiffe": false,
    "IsWeightArticle": false,
    "WeightconversionFactor": "0",
    "IsBio": false,
    "CountryOfOrigin": "PAYS-BAS",
    "IsExclusivelySoldInLuxembourg": false,
    "OrderUnit": "P",
    "AlcoholDisclaimermsg": true,
    "ShortName": "DESP MOJITO 5.9% 4X33CL",
    "IsNew": false,
    "amountUnit": "kg",
    "CountryOfOriginISO": "NL",
    "EcoscoreLabel": "D",
    "ShowAlcoholLegalMsg": true,
    "LongName": "DESPERADOS Mojito 5,9% 4x33cl",
    "RecentQuanityOfStockUnits": "1,6",
    "AlcoholVolume": "5.9",
    "FicCode": "E",
    "DepositValue": [
      0.4
    ],
    "EcoscoreValue": "37"
  },
  {
    "technicalArticleNumber": "1789296",
    "commercialArticleNumber": "6952",
    "gtin": [
      "05425017240013",
      "05400141069525"
    ],
    "productId": "39227",
    "name": "bi\u00e8re blonde 6%",
    "description": "*Bi\u00e8re sp\u00e9ciale\n*6 % vol\n*Referment. en bout.",
    "brand": "BRUGSE ZOT",
    "seoBrand": "Brugse Zot",
    "thumbNail": "https://static.colruytgroup.com/images/200x200/std.lang.all/50/17/asset-865017.jpg",
    "fullImage": "https://static.colruytgroup.com/images/500x500/std.lang.all/50/17/asset-865017.jpg",
    "squareImage": "https://static.colruytgroup.com/images/500x500sq/std.lang.all/50/17/asset-865017.jpg",
    "content": "6x33cl",
    "price": {
      "basicPrice": 8.23,
      "recommendedQuantity": "1.0",
      "measurementUnitPrice": 4.16,
      "measurementUnit": "L",
      "isRedPrice": false,
      "pricePerUOM": 4.16,
      "activationDate": "07-05-2025",
      "recordSource": "Offline",
      "isPromoActive": "N",
      "priceChangeCode": "E",
      "priceReason": "Reaction"
    },
    "isPriceAvailable": true,
    "channelAvailability": [
      "8_BE_STORE",
      "8_BE_COLLECT_NEXT_DAY",
      "8_BE_HOME_DELIVERY",
      "8_BE_HOME_DELIVERY_DRIVER"
    ],
    "businessDomain": "RETAIL_BE",
    "walkRouteSequenceNumber": 4001,
    "isAvailable": true,
    "inPromo": false,
    "topCategoryName": "Boissons",
    "topCategoryId": "354",
    "categories": [
      {
        "name": "Boissons",
        "id": "354",
        "children": [
          {
            "name": "Bi\u00e8res",
            "id": "389",
            "children": [
              {
                "name": "Blonde, blonde forte et triple b",
                "id": "394"
              }
            ]
          }
        ]
      }
    ],
    "IsPrivateLabel": false,
    "amount": 1.98,
    "IsBiffe": false,
    "foodPairing": [
      "Fromages doux",
      "Desserts",
      "Crustac\u00e9s",
      "P\u00e2tes & pizza",
      "Salade",
      "Barbecue",
      "Volaille",
      "Veggie"
    ],
    "IsWeightArticle": false,
    "WeightconversionFactor": "0",
    "IsBio": false,
    "CountryOfOrigin": "BELGIQUE",
    "IsExclusivelySoldInLuxembourg": false,
    "OrderUnit": "P",
    "AlcoholDisclaimermsg": true,
    "ShortName": "BRUG ZOT BLONDE 6X33",
    "IsNew": false,
    "amountUnit": "kg",
    "CountryOfOriginISO": "BE",
    "EcoscoreLabel": "D",
    "ShowAlcoholLegalMsg": true,
    "LongName": "BRUGSE ZOT bi\u00e8re blonde 6% 6x33cl",
    "RecentQuanityOfStockUnits": "1",
    "AlcoholVolume": "6",
    "FicCode": "E",
    "DepositValue": [
      0.6
    ],
    "EcoscoreValue": "37"
  },
  {
    "technicalArticleNumber": "1371655",
    "commercialArticleNumber": "5495",
    "gtin": [
      "00000025054958",
      "05410908000012",
      "05400141054958",
      "15410908200013"
    ],
    "productId": "11182",
    "name": "trappiste rouge 7,0%vol",
    "description": "*Bi\u00e8re trappiste\n*7 % vol\n*Referment. en bout.",
    "brand": "CHIMAY",
    "seoBrand": "Chimay",
    "thumbNail": "https://static.colruytgroup.com/images/200x200/std.lang.all/96/19/asset-379619.jpg",
    "fullImage": "https://static.colruytgroup.com/images/500x500/std.lang.all/96/19/asset-379619.jpg",
    "squareImage": "https://static.colruytgroup.com/images/500x500sq/std.lang.all/96/19/asset-379619.jpg",
    "content": "6x33cl",
    "price": {
      "basicPrice": 8.34,
      "recommendedQuantity": "1.0",
      "quantityPrice": 8.01,
      "quantityPriceQuantity": "3.0",
      "measurementUnitPrice": 4.22,
      "measurementUnitQuantityPrice": 4.05,
      "measurementUnit": "L",
      "isRedPrice": false,
      "pricePerUOM": 4.22,
      "activationDate": "07-05-2025",
      "recordSource": "Offline",
      "isPromoActive": "N",
      "priceChangeCode": "E",
      "quantityPricePerUOM": 4.05,
      "quantityActivationDate": "07-05-2025",
      "quantityPriceChangeCode": "E",
      "priceReason": "Reaction"
    },
    "isPriceAvailable": true,
    "channelAvailability": [
      "3_BE_STORE",
      "8_BE_STORE",
      "8_BE_COLLECT_NEXT_DAY",
      "8_BE_HOME_DELIVERY",
      "8_BE_HOME_DELIVERY_DRIVER"
    ],
    "businessDomain": "RETAIL_BE",
    "walkRouteSequenceNumber": 3838,
    "isAvailable": true,
    "inPromo": false,
    "topCategoryName": "Boissons",
    "topCategoryId": "354",
    "categories": [
      {
        "name": "Boissons",
        "id": "354",
        "children": [
          {
            "name": "Bi\u00e8res",
            "id": "389",
            "children": [
              {
                "name": "Bi\u00e8re d'Abbaye et Trappiste brune",
                "id": "1851"
              }
            ]
          }
        ]
      }
    ],
    "IsPrivateLabel": false,
    "amount": 1.988,
    "IsBiffe": false,
    "foodPairing": [
      "Viande blanche",
      "Viande rouge",
      "Desserts",
      "Fromages forts",
      "Gibier",
      "Veggie"
    ],
    "IsWeightArticle": false,
    "WeightconversionFactor": "0",
    "IsBio": false,
    "CountryOfOrigin": "BELGIQUE",
    "IsExclusivelySoldInLuxembourg": false,
    "OrderUnit": "P",
    "AlcoholDisclaimermsg": true,
    "ShortName": "CHIMAY ROUGE 6X33CL",
    "IsNew": false,
    "amountUnit": "kg",
    "CountryOfOriginISO": "BE",
    "EcoscoreLabel": "D",
    "ShowAlcoholLegalMsg": true,
    "LongName": "CHIMAY trappiste rouge 7,0%vol 6x33cl",
    "RecentQuanityOfStockUnits": "1",
    "AlcoholVolume": "7",
    "FicCode": "E",
    "DepositValue": [
      0.6
    ],
    "EcoscoreValue": "37"
  },
  {
    "technicalArticleNumber": "3864892",
    "commercialArticleNumber": "42275",
    "gtin": [
      "05410783007953",
      "05410783006567",
      "05410783006574"
    ],
    "productId": "350423",
    "name": "Oaked blonde 8,5%",
    "description": "*Bi\u00e8re blonde forte\n*8,5 % vol\n*Referment. en bout.",
    "brand": "CORNET",
    "seoBrand": "Cornet",
    "thumbNail": "https://static.colruytgroup.com/images/200x200/std.lang.all/53/80/asset-3615380.jpg",
    "fullImage": "https://static.colruytgroup.com/images/500x500/std.lang.all/53/80/asset-3615380.jpg",
    "squareImage": "https://static.colruytgroup.com/images/500x500sq/std.lang.all/53/80/asset-3615380.jpg",
    "content": "6x33cl",
    "price": {
      "basicPrice": 8.34,
      "recommendedQuantity": "1.0",
      "measurementUnitPrice": 4.22,
      "measurementUnit": "L",
      "isRedPrice": false,
      "pricePerUOM": 4.22,
      "activationDate": "30-05-2025",
      "recordSource": "Offline",
      "isPromoActive": "N",
      "priceChangeCode": "E",
      "priceReason": "Reaction"
    },
    "isPriceAvailable": true,
    "channelAvailability": [
      "3_BE_STORE",
      "8_BE_STORE",
      "8_LU_STORE",
      "8_BE_COLLECT_NEXT_DAY",
      "8_BE_HOME_DELIVERY",
      "8_BE_HOME_DELIVERY_DRIVER"
    ],
    "businessDomain": "RETAIL_BE",
    "walkRouteSequenceNumber": 3848,
    "isAvailable": true,
    "inPromo": false,
    "topCategoryName": "Boissons",
    "topCategoryId": "354",
    "categories": [
      {
        "name": "Boissons",
        "id": "354",
        "children": [
          {
            "name": "Bi\u00e8res",
            "id": "389",
            "children": [
              {
                "name": "Blonde, blonde forte et triple b",
                "id": "394"
              }
            ]
          }
        ]
      }
    ],
    "IsPrivateLabel": false,
    "amount": 1.98,
    "IsBiffe": false,
    "foodPairing": [
      "Viande rouge",
      "Desserts",
      "Volaille",
      "Crustac\u00e9s",
      "Viande blanche",
      "Poisson",
      "Gibier",
      "Fromages forts"
    ],
    "IsWeightArticle": false,
    "WeightconversionFactor": "0",
    "IsBio": false,
    "CountryOfOrigin": "BELGIQUE",
    "IsExclusivelySoldInLuxembourg": false,
    "OrderUnit": "P",
    "AlcoholDisclaimermsg": true,
    "ShortName": "CORN OAKED BLONDE6X33CL",
    "IsNew": false,
    "amountUnit": "kg",
    "CountryOfOriginISO": "BE",
    "EcoscoreLabel": "D",
    "ShowAlcoholLegalMsg": true,
    "LongName": "CORNET Oaked blonde 8,5% 6x33cl",
    "RecentQuanityOfStockUnits": "1,4",
    "AlcoholVolume": "8.5",
    "FicCode": "E",
    "DepositValue": [
      0.6
    ],
    "EcoscoreValue": "37"
  },
  {
    "technicalArticleNumber": "4197665",
    "commercialArticleNumber": "1655",
    "gtin": [
      "00000054079038",
      "05400141341836"
    ],
    "productId": "560093",
    "name": "triple 8,0%vol",
    "description": "*Bi\u00e8re d'abbaye\n*Blonde\n*8 % vol",
    "brand": "ST BERNARDUS",
    "seoBrand": "St Bernardus",
    "thumbNail": "https://static.colruytgroup.com/images/200x200/std.lang.all/37/26/asset-2923726.jpg",
    "fullImage": "https://static.colruytgroup.com/images/500x500/std.lang.all/37/26/asset-2923726.jpg",
    "squareImage": "https://static.colruytgroup.com/images/500x500sq/std.lang.all/37/26/asset-2923726.jpg",
    "content": "6x33cl",
    "price": {
      "basicPrice": 8.34,
      "recommendedQuantity": "1.0",
      "measurementUnitPrice": 4.22,
      "measurementUnit": "L",
      "isRedPrice": false,
      "pricePerUOM": 4.22,
      "activationDate": "11-07-2024",
      "recordSource": "Offline",
      "isPromoActive": "N",
      "priceChangeCode": "H",
      "priceReason": "Reaction"
    },
    "isPriceAvailable": true,
    "channelAvailability": [
      "3_BE_STORE",
      "8_BE_STORE",
      "8_LU_STORE",
      "8_BE_COLLECT_NEXT_DAY",
      "8_BE_HOME_DELIVERY",
      "8_BE_HOME_DELIVERY_DRIVER"
    ],
    "businessDomain": "RETAIL_BE",
    "walkRouteSequenceNumber": 3985,
    "isAvailable": true,
    "inPromo": false,
    "topCategoryName": "Boissons",
    "topCategoryId": "354",
    "categories": [
      {
        "name": "Boissons",
        "id": "354",
        "children": [
          {
            "name": "Bi\u00e8res",
            "id": "389",
            "children": [
              {
                "name": "Blonde, blonde forte et triple b",
                "id": "394"
              }
            ]
          }
        ]
      }
    ],
    "IsPrivateLabel": false,
    "amount": 1.98,
    "IsBiffe": false,
    "foodPairing": [
      "Volaille",
      "Viande rouge",
      "Poisson",
      "Veggie",
      "Viande blanche",
      "Crustac\u00e9s",
      "Fromages forts",
      "Gibier"
    ],
    "IsWeightArticle": false,
    "WeightconversionFactor": "0",
    "IsBio": false,
    "CountryOfOrigin": "BELGIQUE",
    "IsExclusivelySoldInLuxembourg": false,
    "OrderUnit": "P",
    "AlcoholDisclaimermsg": true,
    "ShortName": "STBE TRIPLE 6X33CL",
    "IsNew": false,
    "amountUnit": "kg",
    "CountryOfOriginISO": "BE",
    "EcoscoreLabel": "D",
    "ShowAlcoholLegalMsg": true,
    "LongName": "ST BERNARDUS triple 8,0%vol 6x33cl",
    "RecentQuanityOfStockUnits": "1",
    "AlcoholVolume": "8",
    "FicCode": "E",
    "DepositValue": [
      0.6
    ],
    "EcoscoreValue": "37"
  },
  {
    "technicalArticleNumber": "4571471",
    "commercialArticleNumber": "28510",
    "gtin": [
      "05410228291190",
      "05400141508086"
    ],
    "productId": "778266",
    "name": "rouge 8%",
    "description": "*Bi\u00e8re sp\u00e9ciale",
    "brand": "KWAK",
    "seoBrand": "Kwak",
    "thumbNail": "https://static.colruytgroup.com/images/200x200/std.lang.all/10/85/asset-2761085.jpg",
    "fullImage": "https://static.colruytgroup.com/images/500x500/std.lang.all/10/85/asset-2761085.jpg",
    "squareImage": "https://static.colruytgroup.com/images/500x500sq/std.lang.all/10/85/asset-2761085.jpg",
    "content": "6x33cl",
    "price": {
      "basicPrice": 8.38,
      "recommendedQuantity": "1.0",
      "measurementUnitPrice": 4.24,
      "measurementUnit": "L",
      "isRedPrice": false,
      "pricePerUOM": 4.24,
      "activationDate": "30-05-2025",
      "recordSource": "Offline",
      "isPromoActive": "N",
      "priceChangeCode": "H",
      "priceReason": "Reaction"
    },
    "isPriceAvailable": true,
    "channelAvailability": [
      "8_BE_STORE",
      "8_BE_COLLECT_NEXT_DAY",
      "8_BE_HOME_DELIVERY",
      "8_BE_HOME_DELIVERY_DRIVER"
    ],
    "businessDomain": "RETAIL_BE",
    "walkRouteSequenceNumber": 4067,
    "isAvailable": true,
    "inPromo": true,
    "promotion": [
      {
        "techPromoId": "101339COLR",
        "promotionId": "101339",
        "promotionType": "3",
        "isPersonalized": "N",
        "publicationStartDate": "04-06-2025",
        "publicationEndDate": "17-06-2025",
        "topPromo": false
      }
    ],
    "topCategoryName": "Boissons",
    "topCategoryId": "354",
    "categories": [
      {
        "name": "Boissons",
        "id": "354",
        "children": [
          {
            "name": "Bi\u00e8res",
            "id": "389",
            "children": [
              {
                "name": "Bi\u00e8re blanche, bi\u00e8re aux fruits et bi",
                "id": "395"
              }
            ]
          }
        ]
      }
    ],
    "IsPrivateLabel": false,
    "amount": 1.98,
    "IsBiffe": false,
    "foodPairing": [
      "Ap\u00e9ritif",
      "Fromage : fromages \u00e0 p\u00e2te dure",
      "Gibier",
      "Desserts",
      "Viande rouge"
    ],
    "IsWeightArticle": false,
    "WeightconversionFactor": "0",
    "IsBio": false,
    "CountryOfOrigin": "BELGIQUE",
    "IsExclusivelySoldInLuxembourg": false,
    "OrderUnit": "P",
    "AlcoholDisclaimermsg": true,
    "InSeason": true,
    "ShortName": "KWAK ROUGE 8% 6X33CL",
    "IsNew": false,
    "amountUnit": "kg",
    "CountryOfOriginISO": "BE",
    "ShowAlcoholLegalMsg": true,
    "LongName": "KWAK rouge 8% 6x33cl",
    "RecentQuanityOfStockUnits": "1",
    "AlcoholVolume": "8",
    "StartSeasonDate": "07/12/2023",
    "FicCode": "E",
    "DepositValue": [
      0.6
    ]
  },
  {
    "technicalArticleNumber": "4411273",
    "commercialArticleNumber": "25420",
    "gtin": [
      "05400141914245"
    ],
    "productId": "687150",
    "name": "Belgian Pale Ale 5,8%Bio",
    "description": "*Bi\u00e8re blonde\n*5,8 % vol",
    "brand": "ZINNEBIR",
    "seoBrand": "Zinnebir",
    "thumbNail": "https://static.colruytgroup.com/images/200x200/std.lang.all/92/56/asset-2369256.jpg",
    "fullImage": "https://static.colruytgroup.com/images/500x500/std.lang.all/92/56/asset-2369256.jpg",
    "squareImage": "https://static.colruytgroup.com/images/500x500sq/std.lang.all/92/56/asset-2369256.jpg",
    "content": "4x33cl",
    "price": {
      "basicPrice": 8.39,
      "recommendedQuantity": "1.0",
      "quantityPrice": 8.05,
      "quantityPriceQuantity": "3.0",
      "measurementUnitPrice": 6.36,
      "measurementUnitQuantityPrice": 6.1,
      "measurementUnit": "L",
      "isRedPrice": false,
      "pricePerUOM": 6.36,
      "activationDate": "07-05-2025",
      "isPromoActive": "N",
      "priceChangeCode": "E",
      "quantityPricePerUOM": 6.1,
      "quantityActivationDate": "07-05-2025",
      "quantityPriceChangeCode": "E",
      "priceReason": "FALLBACK"
    },
    "isPriceAvailable": true,
    "channelAvailability": [
      "3_BE_STORE",
      "8_BE_STORE",
      "8_BE_COLLECT_NEXT_DAY",
      "8_BE_HOME_DELIVERY_DRIVER"
    ],
    "businessDomain": "RETAIL_BE",
    "walkRouteSequenceNumber": 3981,
    "isAvailable": true,
    "inPromo": false,
    "topCategoryName": "Boissons",
    "topCategoryId": "354",
    "categories": [
      {
        "name": "Boissons",
        "id": "354",
        "children": [
          {
            "name": "Bi\u00e8res",
            "id": "389",
            "children": [
              {
                "name": "Blonde, blonde forte et triple b",
                "id": "394"
              }
            ]
          }
        ]
      }
    ],
    "IsPrivateLabel": false,
    "amount": 1.32,
    "IsBiffe": false,
    "foodPairing": [
      "Salade",
      "Ap\u00e9ritif",
      "Volaille",
      "Fromages doux",
      "Barbecue",
      "Viande blanche"
    ],
    "IsWeightArticle": false,
    "WeightconversionFactor": "0",
    "IsBio": true,
    "CountryOfOrigin": "BELGIQUE",
    "IsExclusivelySoldInLuxembourg": false,
    "OrderUnit": "P",
    "AlcoholDisclaimermsg": true,
    "ShortName": "ZINN BPA 5.8% BIO4X33CL",
    "IsNew": false,
    "amountUnit": "kg",
    "CountryOfOriginISO": "BE",
    "ShowAlcoholLegalMsg": true,
    "LongName": "ZINNEBIR Belgian Pale Ale 5,8%Bio 4x33cl",
    "RecentQuanityOfStockUnits": "1",
    "AlcoholVolume": "5.8",
    "FicCode": "E",
    "DepositValue": [
      0.4
    ]
  },
  {
    "technicalArticleNumber": "4024994",
    "commercialArticleNumber": "5315",
    "gtin": [
      "05410228253525",
      "05410228253563"
    ],
    "productId": "448481",
    "name": "0,0% blonde",
    "description": "*Abdijbier\n*0 % vol",
    "brand": "LEFFE",
    "seoBrand": "Leffe",
    "thumbNail": "https://static.colruytgroup.com/images/200x200/std.lang.all/59/78/asset-1995978.jpg",
    "fullImage": "https://static.colruytgroup.com/images/500x500/std.lang.all/59/78/asset-1995978.jpg",
    "squareImage": "https://static.colruytgroup.com/images/500x500sq/std.lang.all/59/78/asset-1995978.jpg",
    "content": "6x33cl",
    "price": {
      "basicPrice": 8.4,
      "recommendedQuantity": "1.0",
      "measurementUnitPrice": 4.25,
      "measurementUnit": "L",
      "isRedPrice": false,
      "pricePerUOM": 4.25,
      "activationDate": "21-05-2025",
      "recordSource": "Online",
      "isPromoActive": "N",
      "priceChangeCode": "E",
      "priceReason": "Reaction"
    },
    "isPriceAvailable": true,
    "channelAvailability": [
      "8_BE_STORE",
      "8_LU_STORE",
      "8_BE_COLLECT_NEXT_DAY",
      "8_BE_HOME_DELIVERY",
      "8_BE_HOME_DELIVERY_DRIVER"
    ],
    "businessDomain": "RETAIL_BE",
    "walkRouteSequenceNumber": 4124,
    "isAvailable": true,
    "inPromo": true,
    "promotion": [
      {
        "techPromoId": "101270COLR",
        "promotionId": "101270",
        "promotionType": "3",
        "isPersonalized": "N",
        "publicationStartDate": "04-06-2025",
        "publicationEndDate": "17-06-2025",
        "topPromo": false
      }
    ],
    "topCategoryName": "Boissons",
    "topCategoryId": "354",
    "categories": [
      {
        "name": "Boissons",
        "id": "354",
        "children": [
          {
            "name": "Bi\u00e8res",
            "id": "389",
            "children": [
              {
                "name": "Bi\u00e8res sans alcool",
                "id": "398"
              }
            ]
          }
        ]
      }
    ],
    "IsPrivateLabel": false,
    "amount": 1.98,
    "IsBiffe": false,
    "foodPairing": [
      "Veggie",
      "Viande blanche",
      "Ap\u00e9ritif",
      "Barbecue",
      "Salade",
      "P\u00e2tes & pizza"
    ],
    "IsWeightArticle": false,
    "WeightconversionFactor": "0",
    "nutriscoreLabel": "C",
    "IsBio": false,
    "CountryOfOrigin": "BELGIQUE",
    "IsExclusivelySoldInLuxembourg": false,
    "OrderUnit": "P",
    "AlcoholDisclaimermsg": false,
    "ShortName": "LEFF 0% BLONDE 6X33CL",
    "IsNew": false,
    "amountUnit": "kg",
    "CountryOfOriginISO": "BE",
    "ShowAlcoholLegalMsg": false,
    "LongName": "LEFFE 0,0% blonde 6x33cl",
    "RecentQuanityOfStockUnits": "1",
    "AlcoholVolume": "0",
    "FicCode": "E",
    "DepositValue": [
      0.6
    ]
  },
  {
    "technicalArticleNumber": "4364698",
    "commercialArticleNumber": "24114",
    "gtin": [
      "05410228275367",
      "05410228275398"
    ],
    "productId": "660383",
    "name": "0,0% brune",
    "description": "*Bi\u00e8re d'abbaye\n*0% vol",
    "brand": "LEFFE",
    "seoBrand": "Leffe",
    "thumbNail": "https://static.colruytgroup.com/images/200x200/std.lang.all/16/67/asset-2481667.jpg",
    "fullImage": "https://static.colruytgroup.com/images/500x500/std.lang.all/16/67/asset-2481667.jpg",
    "squareImage": "https://static.colruytgroup.com/images/500x500sq/std.lang.all/16/67/asset-2481667.jpg",
    "content": "6x33cl",
    "price": {
      "basicPrice": 8.4,
      "recommendedQuantity": "1.0",
      "measurementUnitPrice": 4.25,
      "measurementUnit": "L",
      "isRedPrice": false,
      "pricePerUOM": 4.25,
      "activationDate": "04-06-2025",
      "recordSource": "Online",
      "isPromoActive": "N",
      "priceChangeCode": "E",
      "priceReason": "Reaction"
    },
    "isPriceAvailable": true,
    "channelAvailability": [
      "3_BE_STORE",
      "8_BE_STORE",
      "8_LU_STORE",
      "8_BE_COLLECT_NEXT_DAY",
      "8_BE_HOME_DELIVERY",
      "8_BE_HOME_DELIVERY_DRIVER"
    ],
    "businessDomain": "RETAIL_BE",
    "walkRouteSequenceNumber": 4125,
    "isAvailable": true,
    "inPromo": true,
    "promotion": [
      {
        "techPromoId": "101270COLR",
        "promotionId": "101270",
        "promotionType": "3",
        "isPersonalized": "N",
        "publicationStartDate": "04-06-2025",
        "publicationEndDate": "17-06-2025",
        "topPromo": false
      }
    ],
    "topCategoryName": "Boissons",
    "topCategoryId": "354",
    "categories": [
      {
        "name": "Boissons",
        "id": "354",
        "children": [
          {
            "name": "Bi\u00e8res",
            "id": "389",
            "children": [
              {
                "name": "Bi\u00e8res sans alcool",
                "id": "398"
              }
            ]
          }
        ]
      }
    ],
    "IsPrivateLabel": false,
    "amount": 1.98,
    "IsBiffe": false,
    "foodPairing": [
      "Barbecue",
      "Ap\u00e9ritif",
      "Viande rouge",
      "Gibier"
    ],
    "IsWeightArticle": false,
    "WeightconversionFactor": "0",
    "nutriscoreLabel": "C",
    "IsBio": false,
    "CountryOfOrigin": "BELGIQUE",
    "IsExclusivelySoldInLuxembourg": false,
    "OrderUnit": "P",
    "AlcoholDisclaimermsg": false,
    "ShortName": "LEFF 0% BRUNE 6X33CL",
    "IsNew": false,
    "amountUnit": "kg",
    "CountryOfOriginISO": "BE",
    "ShowAlcoholLegalMsg": false,
    "LongName": "LEFFE 0,0% brune 6x33cl",
    "RecentQuanityOfStockUnits": "1,4",
    "AlcoholVolume": "0",
    "FicCode": "E",
    "DepositValue": [
      0.6
    ]
  },
  {
    "technicalArticleNumber": "4745310",
    "commercialArticleNumber": "32647",
    "gtin": [
      "05425005660601",
      "05400141427714"
    ],
    "productId": "886200",
    "name": "Blonde 8%",
    "description": "*Bi\u00e8re blonde\n*8% vol",
    "brand": "QUINTINE",
    "seoBrand": "Quintine",
    "thumbNail": "https://static.colruytgroup.com/images/200x200/std.lang.all/83/30/asset-3258330.jpg",
    "fullImage": "https://static.colruytgroup.com/images/500x500/std.lang.all/83/30/asset-3258330.jpg",
    "squareImage": "https://static.colruytgroup.com/images/500x500sq/std.lang.all/83/30/asset-3258330.jpg",
    "content": "4x33cl",
    "price": {
      "basicPrice": 8.48,
      "recommendedQuantity": "1.0",
      "measurementUnitPrice": 6.43,
      "measurementUnit": "L",
      "isRedPrice": false,
      "pricePerUOM": 6.43,
      "activationDate": "07-05-2025",
      "recordSource": "Online",
      "isPromoActive": "N",
      "priceChangeCode": "E",
      "priceReason": "Reaction"
    },
    "isPriceAvailable": true,
    "channelAvailability": [
      "8_BE_STORE",
      "8_BE_COLLECT_NEXT_DAY",
      "8_BE_HOME_DELIVERY",
      "8_BE_HOME_DELIVERY_DRIVER"
    ],
    "businessDomain": "RETAIL_BE",
    "walkRouteSequenceNumber": 3935,
    "isAvailable": true,
    "inPromo": false,
    "topCategoryName": "Boissons",
    "topCategoryId": "354",
    "categories": [
      {
        "name": "Boissons",
        "id": "354",
        "children": [
          {
            "name": "Bi\u00e8res",
            "id": "389",
            "children": [
              {
                "name": "Blonde, blonde forte et triple b",
                "id": "394"
              }
            ]
          }
        ]
      }
    ],
    "IsPrivateLabel": false,
    "amount": 1.32,
    "IsBiffe": false,
    "foodPairing": [
      "Volaille",
      "Viande rouge",
      "Viande blanche",
      "Poisson",
      "Gibier",
      "Fromages forts",
      "Desserts",
      "Crustac\u00e9s"
    ],
    "IsWeightArticle": false,
    "WeightconversionFactor": "0",
    "IsBio": false,
    "CountryOfOrigin": "BELGIQUE",
    "IsExclusivelySoldInLuxembourg": false,
    "OrderUnit": "P",
    "AlcoholDisclaimermsg": true,
    "ShortName": "QUIN BLOND 8% 4X33CL",
    "IsNew": false,
    "amountUnit": "kg",
    "CountryOfOriginISO": "BE",
    "ShowAlcoholLegalMsg": true,
    "LongName": "QUINTINE Blonde 8% 4x33cl",
    "RecentQuanityOfStockUnits": "1",
    "AlcoholVolume": "8",
    "FicCode": "E",
    "DepositValue": [
      1.6
    ]
  },
  {
    "technicalArticleNumber": "4473105",
    "commercialArticleNumber": "30072",
    "gtin": [
      "05425025125609",
      "05400141929126"
    ],
    "productId": "721717",
    "name": "6 6,0%",
    "description": "*Bi\u00e8re blonde\n*6,0% vol",
    "brand": "TRIPICK",
    "seoBrand": "Tripick",
    "thumbNail": "https://static.colruytgroup.com/images/200x200/std.lang.all/00/31/asset-3210031.jpg",
    "fullImage": "https://static.colruytgroup.com/images/500x500/std.lang.all/00/31/asset-3210031.jpg",
    "squareImage": "https://static.colruytgroup.com/images/500x500sq/std.lang.all/00/31/asset-3210031.jpg",
    "content": "4x33cl",
    "price": {
      "basicPrice": 8.49,
      "recommendedQuantity": "1.0",
      "quantityPrice": 7.81,
      "quantityPriceQuantity": "3.0",
      "measurementUnitPrice": 6.44,
      "measurementUnitQuantityPrice": 5.92,
      "measurementUnit": "L",
      "isRedPrice": false,
      "pricePerUOM": 6.44,
      "activationDate": "30-05-2025",
      "recordSource": "Offline",
      "isPromoActive": "N",
      "priceChangeCode": "E",
      "quantityPricePerUOM": 5.92,
      "quantityActivationDate": "30-05-2025",
      "quantityPriceChangeCode": "E",
      "priceReason": "Reaction"
    },
    "isPriceAvailable": true,
    "channelAvailability": [
      "8_BE_STORE",
      "8_BE_COLLECT_NEXT_DAY",
      "8_BE_HOME_DELIVERY",
      "8_BE_HOME_DELIVERY_DRIVER"
    ],
    "businessDomain": "RETAIL_BE",
    "walkRouteSequenceNumber": 4041,
    "isAvailable": true,
    "inPromo": false,
    "topCategoryName": "Boissons",
    "topCategoryId": "354",
    "categories": [
      {
        "name": "Boissons",
        "id": "354",
        "children": [
          {
            "name": "Bi\u00e8res",
            "id": "389",
            "children": [
              {
                "name": "Bi\u00e8re d'Abbaye, Trappiste blonde & amb",
                "id": "391"
              }
            ]
          }
        ]
      }
    ],
    "IsPrivateLabel": false,
    "amount": 1.32,
    "IsBiffe": false,
    "IsWeightArticle": false,
    "WeightconversionFactor": "0",
    "IsBio": false,
    "CountryOfOrigin": "BELGIQUE",
    "IsExclusivelySoldInLuxembourg": false,
    "OrderUnit": "P",
    "AlcoholDisclaimermsg": true,
    "InSeason": true,
    "ShortName": "TRIP 6 6% 4X33CL",
    "IsNew": false,
    "amountUnit": "kg",
    "CountryOfOriginISO": "BE",
    "EcoscoreLabel": "D",
    "ShowAlcoholLegalMsg": true,
    "LongName": "TRIPICK 6 6,0% 4x33cl",
    "RecentQuanityOfStockUnits": "1",
    "AlcoholVolume": "6",
    "StartSeasonDate": "25/04/2023",
    "FicCode": "E",
    "EcoscoreValue": "37"
  },
  {
    "technicalArticleNumber": "5258",
    "commercialArticleNumber": "5258",
    "gtin": [
      "05400141052589",
      "05411663002181"
    ],
    "productId": "467",
    "name": "bi\u00e8re blonde 7%",
    "description": "*Bi\u00e8re sp\u00e9ciale\n*7 % vol\n*Referment. en bout.",
    "brand": "AUGUSTIJN",
    "seoBrand": "Augustijn",
    "thumbNail": "https://static.colruytgroup.com/images/200x200/std.lang.all/42/05/asset-574205.jpg",
    "fullImage": "https://static.colruytgroup.com/images/500x500/std.lang.all/42/05/asset-574205.jpg",
    "squareImage": "https://static.colruytgroup.com/images/500x500sq/std.lang.all/42/05/asset-574205.jpg",
    "content": "6x33cl",
    "price": {
      "basicPrice": 8.68,
      "recommendedQuantity": "1.0",
      "quantityPrice": 7.99,
      "quantityPriceQuantity": "3.0",
      "measurementUnitPrice": 4.39,
      "measurementUnitQuantityPrice": 4.04,
      "measurementUnit": "L",
      "isRedPrice": false,
      "pricePerUOM": 4.39,
      "activationDate": "24-05-2025",
      "recordSource": "Offline",
      "isPromoActive": "N",
      "priceChangeCode": "H",
      "quantityPricePerUOM": 4.04,
      "quantityActivationDate": "24-05-2025",
      "quantityPriceChangeCode": "L",
      "priceReason": "Reaction"
    },
    "isPriceAvailable": true,
    "channelAvailability": [
      "3_BE_STORE",
      "8_BE_STORE",
      "8_BE_COLLECT_NEXT_DAY",
      "8_BE_HOME_DELIVERY_DRIVER"
    ],
    "businessDomain": "RETAIL_BE",
    "walkRouteSequenceNumber": 3931,
    "isAvailable": true,
    "inPromo": false,
    "topCategoryName": "Boissons",
    "topCategoryId": "354",
    "categories": [
      {
        "name": "Boissons",
        "id": "354",
        "children": [
          {
            "name": "Bi\u00e8res",
            "id": "389",
            "children": [
              {
                "name": "Blonde, blonde forte et triple b",
                "id": "394"
              }
            ]
          }
        ]
      }
    ],
    "IsPrivateLabel": false,
    "amount": 1.98,
    "IsBiffe": false,
    "foodPairing": [
      "Volaille",
      "Veggie",
      "Salade",
      "P\u00e2tes & pizza",
      "Fromages doux",
      "Desserts",
      "Crustac\u00e9s",
      "Barbecue"
    ],
    "IsWeightArticle": false,
    "WeightconversionFactor": "0",
    "IsBio": false,
    "CountryOfOrigin": "BELGIQUE",
    "IsExclusivelySoldInLuxembourg": false,
    "OrderUnit": "P",
    "AlcoholDisclaimermsg": true,
    "ShortName": "AUGUSTIJN BLOND 6X33",
    "IsNew": false,
    "amountUnit": "kg",
    "CountryOfOriginISO": "BE",
    "ShowAlcoholLegalMsg": true,
    "LongName": "AUGUSTIJN bi\u00e8re blonde 7% 6x33cl",
    "RecentQuanityOfStockUnits": "1",
    "AlcoholVolume": "7",
    "FicCode": "E",
    "DepositValue": [
      0.6
    ]
  },
  {
    "technicalArticleNumber": "2759597",
    "commercialArticleNumber": "42650",
    "gtin": [
      "05411831000957",
      "05400141002812",
      "00875213007180"
    ],
    "productId": "61401",
    "name": "bi\u00e8re blonde 6,6%",
    "description": "*Bi\u00e8re sp\u00e9ciale\n*6,6 % vol",
    "brand": "KWAREMONT",
    "seoBrand": "Kwaremont",
    "thumbNail": "https://static.colruytgroup.com/images/200x200/std.lang.all/79/27/asset-3137927.jpg",
    "fullImage": "https://static.colruytgroup.com/images/500x500/std.lang.all/79/27/asset-3137927.jpg",
    "squareImage": "https://static.colruytgroup.com/images/500x500sq/std.lang.all/79/27/asset-3137927.jpg",
    "content": "6x33cl",
    "price": {
      "basicPrice": 8.68,
      "recommendedQuantity": "1.0",
      "quantityPrice": 8.33,
      "quantityPriceQuantity": "3.0",
      "measurementUnitPrice": 4.39,
      "measurementUnitQuantityPrice": 4.21,
      "measurementUnit": "L",
      "isRedPrice": false,
      "pricePerUOM": 4.39,
      "activationDate": "28-05-2025",
      "recordSource": "Offline",
      "isPromoActive": "N",
      "priceChangeCode": "H",
      "quantityPricePerUOM": 4.21,
      "quantityActivationDate": "28-05-2025",
      "quantityPriceChangeCode": "H",
      "priceReason": "Reaction"
    },
    "isPriceAvailable": true,
    "channelAvailability": [
      "8_BE_STORE",
      "8_LU_STORE",
      "8_BE_COLLECT_NEXT_DAY",
      "8_BE_HOME_DELIVERY_DRIVER"
    ],
    "businessDomain": "RETAIL_BE",
    "walkRouteSequenceNumber": 3988,
    "isAvailable": true,
    "inPromo": false,
    "topCategoryName": "Boissons",
    "topCategoryId": "354",
    "categories": [
      {
        "name": "Boissons",
        "id": "354",
        "children": [
          {
            "name": "Bi\u00e8res",
            "id": "389",
            "children": [
              {
                "name": "Blonde, blonde forte et triple b",
                "id": "394"
              }
            ]
          }
        ]
      }
    ],
    "IsPrivateLabel": false,
    "amount": 1.98,
    "IsBiffe": false,
    "foodPairing": [
      "P\u00e2tes & pizza",
      "Volaille",
      "Veggie",
      "Salade",
      "Barbecue",
      "Fromages doux",
      "Desserts",
      "Crustac\u00e9s"
    ],
    "IsWeightArticle": false,
    "WeightconversionFactor": "0",
    "IsBio": false,
    "CountryOfOrigin": "BELGIQUE",
    "IsExclusivelySoldInLuxembourg": false,
    "OrderUnit": "P",
    "AlcoholDisclaimermsg": true,
    "ShortName": "KWAR BLONDE 6.6% 6X33CL",
    "IsNew": false,
    "amountUnit": "kg",
    "CountryOfOriginISO": "BE",
    "EcoscoreLabel": "D",
    "ShowAlcoholLegalMsg": true,
    "LongName": "KWAREMONT bi\u00e8re blonde 6,6% 6x33cl",
    "RecentQuanityOfStockUnits": "1",
    "AlcoholVolume": "6.6",
    "FicCode": "E",
    "DepositValue": [
      0.6
    ],
    "EcoscoreValue": "37"
  },
  {
    "technicalArticleNumber": "4890855",
    "commercialArticleNumber": "2987",
    "gtin": [
      "05410228327837",
      "05410228327981"
    ],
    "productId": "1266866",
    "name": "Prestige 8,5%",
    "brand": "LEFFE",
    "seoBrand": "Leffe",
    "thumbNail": "https://static.colruytgroup.com/images/200x200/fra/55/23/asset-3805523.jpg",
    "fullImage": "https://static.colruytgroup.com/images/500x500/fra/55/23/asset-3805523.jpg",
    "squareImage": "https://static.colruytgroup.com/images/500x500sq/fra/55/23/asset-3805523.jpg",
    "content": "6x33cl",
    "price": {
      "basicPrice": 8.7,
      "recommendedQuantity": "1.0",
      "quantityPrice": 4.35,
      "quantityPriceQuantity": "2.0",
      "measurementUnitPrice": 4.4,
      "measurementUnitQuantityPrice": 2.2,
      "measurementUnit": "L",
      "isRedPrice": false,
      "pricePerUOM": 4.4,
      "activationDate": "04-06-2025",
      "recordSource": "Folder",
      "isPromoActive": "N",
      "priceChangeCode": "E",
      "quantityPricePerUOM": 2.2,
      "quantityActivationDate": "04-06-2025",
      "quantityPriceChangeCode": "E",
      "reactPromoConcurrent": true,
      "priceReason": "Reaction"
    },
    "isPriceAvailable": true,
    "channelAvailability": [
      "8_BE_STORE",
      "8_LU_STORE",
      "8_BE_COLLECT_NEXT_DAY",
      "8_BE_HOME_DELIVERY",
      "8_BE_HOME_DELIVERY_DRIVER"
    ],
    "businessDomain": "RETAIL_BE",
    "walkRouteSequenceNumber": 3834,
    "isAvailable": true,
    "inPromo": false,
    "topCategoryName": "Boissons",
    "topCategoryId": "354",
    "categories": [
      {
        "name": "Boissons",
        "id": "354",
        "children": [
          {
            "name": "Bi\u00e8res",
            "id": "389",
            "children": [
              {
                "name": "Blonde, blonde forte et triple b",
                "id": "394"
              }
            ]
          }
        ]
      }
    ],
    "IsPrivateLabel": false,
    "amount": 1.98,
    "IsBiffe": false,
    "foodPairing": [
      "Crustac\u00e9s",
      "Desserts",
      "Fromages forts",
      "Gibier",
      "Ap\u00e9ritif",
      "Veggie",
      "Viande blanche",
      "Viande rouge",
      "Barbecue",
      "Salade"
    ],
    "IsWeightArticle": false,
    "WeightconversionFactor": "0",
    "IsBio": false,
    "CountryOfOrigin": "BELGIQUE",
    "IsExclusivelySoldInLuxembourg": false,
    "OrderUnit": "P",
    "AlcoholDisclaimermsg": true,
    "ShortName": "LEFF PRESTIGE 6X33CL",
    "IsNew": false,
    "amountUnit": "kg",
    "CountryOfOriginISO": "BE",
    "ShowAlcoholLegalMsg": true,
    "LongName": "LEFFE Prestige 8,5% 6x33cl",
    "RecentQuanityOfStockUnits": "1,4",
    "AlcoholVolume": "8.5",
    "FicCode": "E",
    "DepositValue": [
      0.6
    ]
  },
  {
    "technicalArticleNumber": "4088165",
    "commercialArticleNumber": "7974",
    "gtin": [
      "05400141283006",
      "00000054085022"
    ],
    "productId": "491736",
    "name": "triple bi\u00e8re d'abbaye 9%",
    "description": "*Bi\u00e8re d'abbaye\n*9 % vol\n*Referment. en bout.",
    "brand": "TONGERLO",
    "seoBrand": "Tongerlo",
    "thumbNail": "https://static.colruytgroup.com/images/200x200/std.lang.all/91/95/asset-2999195.jpg",
    "fullImage": "https://static.colruytgroup.com/images/500x500/std.lang.all/91/95/asset-2999195.jpg",
    "squareImage": "https://static.colruytgroup.com/images/500x500sq/std.lang.all/91/95/asset-2999195.jpg",
    "content": "6x33cl",
    "price": {
      "basicPrice": 8.75,
      "recommendedQuantity": "1.0",
      "measurementUnitPrice": 4.42,
      "measurementUnit": "L",
      "isRedPrice": true,
      "redPriceReason": "Promo",
      "referencePrice": 9.34,
      "retentionPeriod": 30,
      "pricePerUOM": 4.42,
      "activationDate": "04-06-2025",
      "isPromoActive": "Y",
      "priceChangeCode": "L",
      "priceReason": "Promo"
    },
    "isPriceAvailable": true,
    "channelAvailability": [
      "8_BE_STORE",
      "8_LU_STORE",
      "8_BE_COLLECT_NEXT_DAY",
      "8_BE_HOME_DELIVERY_DRIVER"
    ],
    "businessDomain": "RETAIL_BE",
    "walkRouteSequenceNumber": 3824,
    "isAvailable": true,
    "inPromo": false,
    "topCategoryName": "Boissons",
    "topCategoryId": "354",
    "categories": [
      {
        "name": "Boissons",
        "id": "354",
        "children": [
          {
            "name": "Bi\u00e8res",
            "id": "389",
            "children": [
              {
                "name": "Bi\u00e8re d'Abbaye, Trappiste blonde & amb",
                "id": "391"
              }
            ]
          }
        ]
      }
    ],
    "IsPrivateLabel": false,
    "amount": 1.98,
    "IsBiffe": false,
    "foodPairing": [
      "Gibier",
      "Fromages forts",
      "Viande rouge",
      "Desserts",
      "Poisson"
    ],
    "IsWeightArticle": false,
    "WeightconversionFactor": "0",
    "IsBio": false,
    "CountryOfOrigin": "BELGIQUE",
    "IsExclusivelySoldInLuxembourg": false,
    "OrderUnit": "P",
    "AlcoholDisclaimermsg": true,
    "ShortName": "TONG TRIPLE 9% 6X33CL",
    "IsNew": false,
    "amountUnit": "kg",
    "CountryOfOriginISO": "BE",
    "EcoscoreLabel": "D",
    "ShowAlcoholLegalMsg": true,
    "LongName": "TONGERLO triple bi\u00e8re d'abbaye 9% 6x33cl",
    "RecentQuanityOfStockUnits": "1",
    "AlcoholVolume": "9",
    "FicCode": "I",
    "DepositValue": [
      0.6
    ],
    "EcoscoreValue": "37"
  },
  {
    "technicalArticleNumber": "4885562",
    "commercialArticleNumber": "26945",
    "gtin": [
      "05400141564303",
      "05430004389200"
    ],
    "productId": "1262869",
    "name": "Delta Zero3 0,3%",
    "description": "*Bi\u00e8re sans alcool\n*IPA\n*0,3% vol",
    "brand": "BRUSSELS BP",
    "seoBrand": "Brussels Beer Project",
    "thumbNail": "https://static.colruytgroup.com/images/200x200/std.lang.all/95/01/asset-3769501.jpg",
    "fullImage": "https://static.colruytgroup.com/images/500x500/std.lang.all/95/01/asset-3769501.jpg",
    "squareImage": "https://static.colruytgroup.com/images/500x500sq/std.lang.all/95/01/asset-3769501.jpg",
    "content": "4x33cl",
    "price": {
      "basicPrice": 8.75,
      "recommendedQuantity": "1.0",
      "measurementUnitPrice": 6.63,
      "measurementUnit": "L",
      "isRedPrice": false,
      "pricePerUOM": 6.63,
      "activationDate": "05-06-2025",
      "recordSource": "Online",
      "isPromoActive": "N",
      "priceChangeCode": "L",
      "priceReason": "Reaction"
    },
    "isPriceAvailable": true,
    "channelAvailability": [
      "8_BE_STORE",
      "8_BE_COLLECT_NEXT_DAY",
      "8_BE_HOME_DELIVERY",
      "8_BE_HOME_DELIVERY_DRIVER"
    ],
    "businessDomain": "RETAIL_BE",
    "walkRouteSequenceNumber": 4133,
    "isAvailable": true,
    "inPromo": false,
    "topCategoryName": "Boissons",
    "topCategoryId": "354",
    "categories": [
      {
        "name": "Boissons",
        "id": "354",
        "children": [
          {
            "name": "Bi\u00e8res",
            "id": "389",
            "children": [
              {
                "name": "Bi\u00e8res sans alcool",
                "id": "398"
              }
            ]
          }
        ]
      }
    ],
    "IsPrivateLabel": false,
    "amount": 1.32,
    "IsBiffe": false,
    "foodPairing": [
      "Viande rouge",
      "Volaille",
      "Poisson",
      "Gibier",
      "Fromages forts",
      "Fromages doux",
      "Desserts",
      "P\u00e2tes & pizza",
      "Barbecue",
      "Ap\u00e9ritif",
      "Viande blanche",
      "Veggie",
      "Salade",
      "Crustac\u00e9s"
    ],
    "IsWeightArticle": false,
    "WeightconversionFactor": "0",
    "IsBio": false,
    "CountryOfOrigin": "BELGIQUE",
    "IsExclusivelySoldInLuxembourg": false,
    "OrderUnit": "P",
    "AlcoholDisclaimermsg": false,
    "ShortName": "BBPR DELTA ZERO3 4X33CL",
    "IsNew": false,
    "amountUnit": "kg",
    "CountryOfOriginISO": "BE",
    "EcoscoreLabel": "D",
    "ShowAlcoholLegalMsg": false,
    "LongName": "BRUSSELS BP Delta Zero3 0,3% 4x33cl",
    "RecentQuanityOfStockUnits": "1",
    "AlcoholVolume": "0.3",
    "FicCode": "E",
    "DepositValue": [
      0.4
    ],
    "EcoscoreValue": "37"
  },
  {
    "technicalArticleNumber": "3834743",
    "commercialArticleNumber": "40481",
    "gtin": [
      "05400141206401",
      "05410228256069",
      "05410228243953",
      "05410228243946"
    ],
    "productId": "383539",
    "name": "\u00c9t\u00e9 5,2%vol",
    "description": "*Bi\u00e8re d'abbaye\n*Blonde\n*5,2% vol",
    "brand": "LEFFE",
    "seoBrand": "Leffe",
    "thumbNail": "https://static.colruytgroup.com/images/200x200/std.lang.all/95/15/asset-2139515.jpg",
    "fullImage": "https://static.colruytgroup.com/images/500x500/std.lang.all/95/15/asset-2139515.jpg",
    "squareImage": "https://static.colruytgroup.com/images/500x500sq/std.lang.all/95/15/asset-2139515.jpg",
    "content": "6x33cl",
    "price": {
      "basicPrice": 8.79,
      "recommendedQuantity": "1.0",
      "quantityPrice": 4.42,
      "quantityPriceQuantity": "2.0",
      "measurementUnitPrice": 4.44,
      "measurementUnitQuantityPrice": 2.24,
      "measurementUnit": "L",
      "isRedPrice": false,
      "pricePerUOM": 4.44,
      "activationDate": "28-05-2025",
      "recordSource": "Offline",
      "isPromoActive": "N",
      "priceChangeCode": "E",
      "quantityPricePerUOM": 2.24,
      "quantityActivationDate": "28-05-2025",
      "quantityPriceChangeCode": "L",
      "reactPromoConcurrent": true,
      "priceReason": "Reaction"
    },
    "isPriceAvailable": true,
    "channelAvailability": [
      "3_BE_STORE",
      "8_BE_STORE",
      "8_LU_STORE",
      "8_BE_COLLECT_NEXT_DAY",
      "8_BE_HOME_DELIVERY",
      "8_BE_HOME_DELIVERY_DRIVER"
    ],
    "businessDomain": "RETAIL_BE",
    "walkRouteSequenceNumber": 1486,
    "isAvailable": true,
    "inPromo": false,
    "topCategoryName": "Boissons",
    "topCategoryId": "354",
    "categories": [
      {
        "name": "Boissons",
        "id": "354",
        "children": [
          {
            "name": "Bi\u00e8res",
            "id": "389",
            "children": [
              {
                "name": "Bi\u00e8re d'Abbaye, Trappiste blonde & amb",
                "id": "391"
              }
            ]
          }
        ]
      }
    ],
    "IsPrivateLabel": false,
    "amount": 1.98,
    "IsBiffe": false,
    "foodPairing": [
      "Fromages doux",
      "Desserts",
      "Crustac\u00e9s",
      "P\u00e2tes & pizza",
      "Volaille",
      "Veggie",
      "Salade",
      "Barbecue"
    ],
    "IsWeightArticle": false,
    "WeightconversionFactor": "0",
    "IsBio": false,
    "CountryOfOrigin": "BELGIQUE",
    "IsExclusivelySoldInLuxembourg": false,
    "OrderUnit": "P",
    "AlcoholDisclaimermsg": true,
    "InSeason": true,
    "ShortName": "LEFF ETE 5.2% 6X33CL",
    "IsNew": false,
    "amountUnit": "kg",
    "CountryOfOriginISO": "BE",
    "ShowAlcoholLegalMsg": true,
    "LongName": "LEFFE \u00c9t\u00e9 5,2%vol 6x33cl",
    "RecentQuanityOfStockUnits": "1",
    "AlcoholVolume": "5.2",
    "StartSeasonDate": "18/02/2025",
    "FicCode": "E",
    "DepositValue": [
      0.6
    ]
  },
  {
    "technicalArticleNumber": "4772952",
    "commercialArticleNumber": "32971",
    "gtin": [
      "05425031950110",
      "05400141515541",
      "05425031951070"
    ],
    "productId": "959000",
    "name": "Smash Original 6,2%",
    "description": "*Bi\u00e8re blonde\n*6,2 % vol",
    "brand": "CURTIUS",
    "seoBrand": "Curtius",
    "thumbNail": "https://static.colruytgroup.com/images/200x200/std.lang.all/43/88/asset-3364388.jpg",
    "fullImage": "https://static.colruytgroup.com/images/500x500/std.lang.all/43/88/asset-3364388.jpg",
    "squareImage": "https://static.colruytgroup.com/images/500x500sq/std.lang.all/43/88/asset-3364388.jpg",
    "content": "4x33cl",
    "price": {
      "basicPrice": 8.79,
      "recommendedQuantity": "1.0",
      "quantityPrice": 8.44,
      "quantityPriceQuantity": "3.0",
      "measurementUnitPrice": 6.66,
      "measurementUnitQuantityPrice": 6.4,
      "measurementUnit": "L",
      "isRedPrice": false,
      "pricePerUOM": 6.66,
      "activationDate": "07-05-2025",
      "isPromoActive": "N",
      "priceChangeCode": "H",
      "quantityPricePerUOM": 6.4,
      "quantityActivationDate": "07-05-2025",
      "quantityPriceChangeCode": "H",
      "priceReason": "FALLBACK"
    },
    "isPriceAvailable": true,
    "channelAvailability": [
      "3_BE_STORE",
      "8_BE_STORE",
      "8_LU_STORE",
      "8_BE_COLLECT_NEXT_DAY",
      "8_BE_HOME_DELIVERY_DRIVER"
    ],
    "businessDomain": "RETAIL_BE",
    "walkRouteSequenceNumber": 3969,
    "isAvailable": true,
    "inPromo": false,
    "topCategoryName": "Boissons",
    "topCategoryId": "354",
    "categories": [
      {
        "name": "Boissons",
        "id": "354",
        "children": [
          {
            "name": "Bi\u00e8res",
            "id": "389",
            "children": [
              {
                "name": "Blonde, blonde forte et triple b",
                "id": "394"
              }
            ]
          }
        ]
      }
    ],
    "IsPrivateLabel": false,
    "amount": 1.32,
    "IsBiffe": false,
    "foodPairing": [
      "Volaille",
      "Salade",
      "P\u00e2tes & pizza",
      "Poisson",
      "Plats v\u00e9g\u00e9tariens",
      "Fromages doux",
      "Crustac\u00e9s"
    ],
    "IsWeightArticle": false,
    "WeightconversionFactor": "0",
    "IsBio": false,
    "CountryOfOrigin": "BELGIQUE",
    "IsExclusivelySoldInLuxembourg": false,
    "OrderUnit": "P",
    "AlcoholDisclaimermsg": true,
    "ShortName": "CURT SMASH ORIGIN4X33CL",
    "IsNew": false,
    "amountUnit": "kg",
    "CountryOfOriginISO": "BE",
    "EcoscoreLabel": "D",
    "ShowAlcoholLegalMsg": true,
    "LongName": "CURTIUS Smash Original 6,2% 4x33cl",
    "RecentQuanityOfStockUnits": "1",
    "AlcoholVolume": "6.2",
    "FicCode": "E",
    "DepositValue": [
      0.4
    ],
    "EcoscoreValue": "37"
  },
  {
    "technicalArticleNumber": "3475847",
    "commercialArticleNumber": "14234",
    "gtin": [
      "05400141392999"
    ],
    "productId": "214408",
    "name": "trappiste trip. 9,5%vol",
    "description": "*Bi\u00e8re trappiste\n*9,5 % vol\n*Referment. en bout.",
    "brand": "WESTMALLE",
    "seoBrand": "Westmalle",
    "thumbNail": "https://static.colruytgroup.com/images/200x200/std.lang.all/33/73/asset-2483373.jpg",
    "fullImage": "https://static.colruytgroup.com/images/500x500/std.lang.all/33/73/asset-2483373.jpg",
    "squareImage": "https://static.colruytgroup.com/images/500x500sq/std.lang.all/33/73/asset-2483373.jpg",
    "content": "6x33cl",
    "price": {
      "basicPrice": 8.83,
      "recommendedQuantity": "1.0",
      "measurementUnitPrice": 4.46,
      "measurementUnit": "L",
      "isRedPrice": false,
      "pricePerUOM": 4.46,
      "activationDate": "04-12-2024",
      "recordSource": "Offline",
      "isPromoActive": "N",
      "priceChangeCode": "H",
      "priceReason": "Reaction"
    },
    "isPriceAvailable": true,
    "channelAvailability": [
      "3_BE_STORE",
      "8_BE_STORE",
      "8_BE_COLLECT_NEXT_DAY",
      "8_BE_HOME_DELIVERY",
      "8_BE_HOME_DELIVERY_DRIVER"
    ],
    "businessDomain": "RETAIL_BE",
    "walkRouteSequenceNumber": 3870,
    "isAvailable": true,
    "inPromo": false,
    "topCategoryName": "Boissons",
    "topCategoryId": "354",
    "categories": [
      {
        "name": "Boissons",
        "id": "354",
        "children": [
          {
            "name": "Bi\u00e8res",
            "id": "389",
            "children": [
              {
                "name": "Bi\u00e8re d'Abbaye, Trappiste blonde & amb",
                "id": "391"
              }
            ]
          }
        ]
      }
    ],
    "IsPrivateLabel": false,
    "amount": 1.98,
    "IsBiffe": false,
    "foodPairing": [
      "Volaille",
      "Viande rouge",
      "Viande blanche",
      "Crustac\u00e9s",
      "Desserts",
      "Poisson",
      "Gibier",
      "Fromages forts",
      "Veggie"
    ],
    "IsWeightArticle": false,
    "WeightconversionFactor": "0",
    "IsBio": false,
    "CountryOfOrigin": "BELGIQUE",
    "IsExclusivelySoldInLuxembourg": false,
    "OrderUnit": "P",
    "AlcoholDisclaimermsg": true,
    "ShortName": "WESTMALLE TRIPEL 6X33CL",
    "IsNew": false,
    "amountUnit": "kg",
    "CountryOfOriginISO": "BE",
    "EcoscoreLabel": "D",
    "ShowAlcoholLegalMsg": true,
    "LongName": "WESTMALLE trappiste trip. 9,5%vol 6x33cl",
    "RecentQuanityOfStockUnits": "1",
    "AlcoholVolume": "9.5",
    "FicCode": "E",
    "DepositValue": [
      0.6
    ],
    "EcoscoreValue": "37"
  },
  {
    "technicalArticleNumber": "4414511",
    "commercialArticleNumber": "11765",
    "gtin": [
      "05400141946062",
      "05411681408002",
      "05411681407937"
    ],
    "productId": "689088",
    "name": "blonde 6,66%",
    "description": "*Bi\u00e8re blonde\n*6,66 % vol",
    "brand": "DUVEL",
    "seoBrand": "Duvel",
    "thumbNail": "https://static.colruytgroup.com/images/200x200/std.lang.all/32/88/asset-3843288.jpg",
    "fullImage": "https://static.colruytgroup.com/images/500x500/std.lang.all/32/88/asset-3843288.jpg",
    "squareImage": "https://static.colruytgroup.com/images/500x500sq/std.lang.all/32/88/asset-3843288.jpg",
    "content": "6x33cl",
    "price": {
      "basicPrice": 8.92,
      "recommendedQuantity": "1.0",
      "measurementUnitPrice": 4.51,
      "measurementUnit": "L",
      "isRedPrice": false,
      "pricePerUOM": 4.51,
      "activationDate": "04-06-2025",
      "recordSource": "Folder",
      "isPromoActive": "N",
      "priceChangeCode": "E",
      "priceReason": "Reaction"
    },
    "isPriceAvailable": true,
    "channelAvailability": [
      "8_LU_STORE",
      "8_BE_STORE",
      "8_BE_COLLECT_NEXT_DAY",
      "8_BE_HOME_DELIVERY",
      "8_BE_HOME_DELIVERY_DRIVER"
    ],
    "businessDomain": "RETAIL_BE",
    "walkRouteSequenceNumber": 3947,
    "isAvailable": true,
    "inPromo": false,
    "topCategoryName": "Boissons",
    "topCategoryId": "354",
    "categories": [
      {
        "name": "Boissons",
        "id": "354",
        "children": [
          {
            "name": "Bi\u00e8res",
            "id": "389",
            "children": [
              {
                "name": "Blonde, blonde forte et triple b",
                "id": "394"
              }
            ]
          }
        ]
      }
    ],
    "IsPrivateLabel": false,
    "amount": 1.98,
    "IsBiffe": false,
    "foodPairing": [
      "Volaille",
      "Veggie",
      "Salade",
      "P\u00e2tes & pizza",
      "Poisson",
      "Fromages doux",
      "Crustac\u00e9s",
      "Barbecue",
      "Ap\u00e9ritif"
    ],
    "IsWeightArticle": false,
    "WeightconversionFactor": "0",
    "IsBio": false,
    "CountryOfOrigin": "BELGIQUE",
    "IsExclusivelySoldInLuxembourg": false,
    "OrderUnit": "P",
    "AlcoholDisclaimermsg": true,
    "ShortName": "DUVE BLONDE 6.66%6X33CL",
    "IsNew": false,
    "amountUnit": "kg",
    "CountryOfOriginISO": "BE",
    "EcoscoreLabel": "D",
    "ShowAlcoholLegalMsg": true,
    "LongName": "DUVEL blonde 6,66% 6x33cl",
    "RecentQuanityOfStockUnits": "1",
    "AlcoholVolume": "6.66",
    "FicCode": "E",
    "DepositValue": [
      0.6
    ],
    "EcoscoreValue": "37"
  },
  {
    "technicalArticleNumber": "4892576",
    "commercialArticleNumber": "10532",
    "gtin": [
      "05400141689983"
    ],
    "productId": "1268410",
    "name": "Blonde 6,66%+casquette gr.",
    "description": "*Bi\u00e8re blonde\n*6,66 % vol",
    "brand": "DUVEL",
    "seoBrand": "Duvel",
    "thumbNail": "https://ecgproductmw.colruytgroup.com/ecgproductmw/noPicForArticle_2.jpg",
    "fullImage": "https://ecgproductmw.colruytgroup.com/ecgproductmw/noPicForArticle_5.jpg",
    "squareImage": "https://ecgproductmw.colruytgroup.com/ecgproductmw/noPicForArticle_5.jpg",
    "content": "6x33cl",
    "price": {
      "basicPrice": 8.92,
      "recommendedQuantity": "1.0",
      "measurementUnitPrice": 4.51,
      "measurementUnit": "L",
      "isRedPrice": false,
      "pricePerUOM": 4.51,
      "activationDate": "04-06-2025",
      "recordSource": "Folder",
      "isPromoActive": "N",
      "priceChangeCode": "E",
      "priceReason": "Reaction"
    },
    "isPriceAvailable": true,
    "channelAvailability": [
      "8_BE_STORE",
      "8_LU_STORE",
      "8_BE_COLLECT_NEXT_DAY",
      "8_BE_HOME_DELIVERY",
      "8_BE_HOME_DELIVERY_DRIVER"
    ],
    "businessDomain": "RETAIL_BE",
    "walkRouteSequenceNumber": 3948,
    "isAvailable": true,
    "inPromo": false,
    "topCategoryName": "Boissons",
    "topCategoryId": "354",
    "categories": [
      {
        "name": "Boissons",
        "id": "354",
        "children": [
          {
            "name": "Bi\u00e8res",
            "id": "389",
            "children": [
              {
                "name": "Bi\u00e8res 75cl, Emballages Cadeaux",
                "id": "1066"
              }
            ]
          }
        ]
      }
    ],
    "IsPrivateLabel": false,
    "amount": 1.98,
    "IsBiffe": false,
    "foodPairing": [
      "Volaille",
      "Veggie",
      "Salade",
      "P\u00e2tes & pizza",
      "Poisson",
      "Fromages doux",
      "Crustac\u00e9s",
      "Barbecue",
      "Ap\u00e9ritif"
    ],
    "IsWeightArticle": false,
    "WeightconversionFactor": "0",
    "IsBio": false,
    "CountryOfOrigin": "BELGIQUE",
    "IsExclusivelySoldInLuxembourg": false,
    "OrderUnit": "P",
    "AlcoholDisclaimermsg": true,
    "ShortName": "DUVE BL6.66%+CASQ6X33CL",
    "IsNew": false,
    "amountUnit": "kg",
    "CountryOfOriginISO": "BE",
    "EcoscoreLabel": "D",
    "ShowAlcoholLegalMsg": true,
    "LongName": "DUVEL Blonde 6,66%+casquette gr. 6x33cl",
    "RecentQuanityOfStockUnits": "1",
    "AlcoholVolume": "6.66",
    "FicCode": "E",
    "DepositValue": [
      0.6
    ],
    "EcoscoreValue": "37"
  },
  {
    "technicalArticleNumber": "5275",
    "commercialArticleNumber": "5275",
    "gtin": [
      "05400141052756",
      "00000054112018"
    ],
    "productId": "382",
    "name": "8,7%",
    "description": "*Bi\u00e8re sp\u00e9ciale\n*8,7 % vol\n*Referment. en bout.",
    "brand": "BRUGGE",
    "seoBrand": "Brugge Tripel",
    "thumbNail": "https://static.colruytgroup.com/images/200x200/std.lang.all/58/63/asset-1275863.jpg",
    "fullImage": "https://static.colruytgroup.com/images/500x500/std.lang.all/58/63/asset-1275863.jpg",
    "squareImage": "https://static.colruytgroup.com/images/500x500sq/std.lang.all/58/63/asset-1275863.jpg",
    "content": "6x33cl",
    "price": {
      "basicPrice": 8.94,
      "recommendedQuantity": "1.0",
      "quantityPrice": 8.58,
      "quantityPriceQuantity": "3.0",
      "measurementUnitPrice": 4.52,
      "measurementUnitQuantityPrice": 4.34,
      "measurementUnit": "L",
      "isRedPrice": false,
      "pricePerUOM": 4.52,
      "activationDate": "07-05-2025",
      "recordSource": "Offline",
      "isPromoActive": "N",
      "priceChangeCode": "E",
      "quantityPricePerUOM": 4.34,
      "quantityActivationDate": "07-05-2025",
      "quantityPriceChangeCode": "E",
      "priceReason": "Reaction"
    },
    "isPriceAvailable": true,
    "channelAvailability": [
      "8_BE_STORE",
      "8_LU_STORE",
      "8_BE_COLLECT_NEXT_DAY",
      "8_BE_HOME_DELIVERY_DRIVER"
    ],
    "businessDomain": "RETAIL_BE",
    "walkRouteSequenceNumber": 3995,
    "isAvailable": true,
    "inPromo": false,
    "topCategoryName": "Boissons",
    "topCategoryId": "354",
    "categories": [
      {
        "name": "Boissons",
        "id": "354",
        "children": [
          {
            "name": "Bi\u00e8res",
            "id": "389",
            "children": [
              {
                "name": "Blonde, blonde forte et triple b",
                "id": "394"
              }
            ]
          }
        ]
      }
    ],
    "IsPrivateLabel": false,
    "amount": 1.98,
    "IsBiffe": false,
    "foodPairing": [
      "Crustac\u00e9s",
      "Desserts",
      "Fromages doux",
      "P\u00e2tes & pizza",
      "Salade",
      "Veggie",
      "Volaille",
      "Barbecue"
    ],
    "IsWeightArticle": false,
    "WeightconversionFactor": "0",
    "IsBio": false,
    "CountryOfOrigin": "BELGIQUE",
    "IsExclusivelySoldInLuxembourg": false,
    "OrderUnit": "P",
    "AlcoholDisclaimermsg": true,
    "ShortName": "BRUGGE TRIPEL 6X33CL",
    "IsNew": false,
    "amountUnit": "kg",
    "CountryOfOriginISO": "BE",
    "EcoscoreLabel": "D",
    "ShowAlcoholLegalMsg": true,
    "LongName": "BRUGGE 8,7% 6x33cl",
    "RecentQuanityOfStockUnits": "1",
    "AlcoholVolume": "8.7",
    "FicCode": "E",
    "DepositValue": [
      0.6
    ],
    "EcoscoreValue": "37"
  },
  {
    "technicalArticleNumber": "5198",
    "commercialArticleNumber": "5198",
    "gtin": [
      "05411081001513",
      "00000025051988",
      "05400141051988",
      "05411081000677"
    ],
    "productId": "450",
    "name": "bi\u00e8re blonde triple 11%",
    "description": "*Bi\u00e8re sp\u00e9ciale\n*11 % vol\n*Referment. en bout.",
    "brand": "KASTEEL",
    "seoBrand": "Kasteel",
    "thumbNail": "https://static.colruytgroup.com/images/200x200/std.lang.all/34/57/asset-1793457.jpg",
    "fullImage": "https://static.colruytgroup.com/images/500x500/std.lang.all/34/57/asset-1793457.jpg",
    "squareImage": "https://static.colruytgroup.com/images/500x500sq/std.lang.all/34/57/asset-1793457.jpg",
    "content": "6x33cl",
    "price": {
      "basicPrice": 8.94,
      "recommendedQuantity": "1.0",
      "measurementUnitPrice": 4.52,
      "measurementUnit": "L",
      "isRedPrice": false,
      "pricePerUOM": 4.52,
      "activationDate": "30-05-2025",
      "recordSource": "Offline",
      "isPromoActive": "N",
      "priceChangeCode": "H",
      "priceReason": "Reaction"
    },
    "isPriceAvailable": true,
    "channelAvailability": [
      "8_BE_STORE",
      "8_LU_STORE",
      "8_BE_COLLECT_NEXT_DAY",
      "8_BE_HOME_DELIVERY",
      "8_BE_HOME_DELIVERY_DRIVER"
    ],
    "businessDomain": "RETAIL_BE",
    "walkRouteSequenceNumber": 3910,
    "isAvailable": true,
    "inPromo": false,
    "topCategoryName": "Boissons",
    "topCategoryId": "354",
    "categories": [
      {
        "name": "Boissons",
        "id": "354",
        "children": [
          {
            "name": "Bi\u00e8res",
            "id": "389",
            "children": [
              {
                "name": "Blonde, blonde forte et triple b",
                "id": "394"
              }
            ]
          }
        ]
      }
    ],
    "IsPrivateLabel": false,
    "amount": 1.98,
    "IsBiffe": false,
    "foodPairing": [
      "Volaille",
      "Viande rouge",
      "Viande blanche",
      "Poisson",
      "Gibier",
      "Fromages forts",
      "Desserts",
      "Crustac\u00e9s"
    ],
    "IsWeightArticle": false,
    "WeightconversionFactor": "0",
    "IsBio": false,
    "CountryOfOrigin": "BELGIQUE",
    "IsExclusivelySoldInLuxembourg": false,
    "OrderUnit": "P",
    "AlcoholDisclaimermsg": true,
    "ShortName": "CHATEAU TRIPLE 6X33C",
    "IsNew": false,
    "amountUnit": "kg",
    "CountryOfOriginISO": "BE",
    "EcoscoreLabel": "D",
    "ShowAlcoholLegalMsg": true,
    "LongName": "KASTEEL bi\u00e8re blonde triple 11% 6x33cl",
    "RecentQuanityOfStockUnits": "1",
    "AlcoholVolume": "11",
    "FicCode": "I",
    "DepositValue": [
      0.6
    ],
    "EcoscoreValue": "37"
  },
  {
    "technicalArticleNumber": "5236",
    "commercialArticleNumber": "5236",
    "gtin": [
      "00000025052367",
      "05400141052367",
      "05410908000029",
      "05400141202557"
    ],
    "productId": "460",
    "name": "trappiste triple 8%",
    "description": "*Bi\u00e8re trappiste\n*Triple\n*8% vol\n*Referment. en bout.",
    "brand": "CHIMAY",
    "seoBrand": "Chimay",
    "thumbNail": "https://static.colruytgroup.com/images/200x200/std.lang.all/30/33/asset-3813033.jpg",
    "fullImage": "https://static.colruytgroup.com/images/500x500/std.lang.all/30/33/asset-3813033.jpg",
    "squareImage": "https://static.colruytgroup.com/images/500x500sq/std.lang.all/30/33/asset-3813033.jpg",
    "content": "6x33cl",
    "price": {
      "basicPrice": 8.94,
      "recommendedQuantity": "1.0",
      "measurementUnitPrice": 4.52,
      "measurementUnit": "L",
      "isRedPrice": false,
      "pricePerUOM": 4.52,
      "activationDate": "12-05-2025",
      "recordSource": "Offline",
      "isPromoActive": "N",
      "priceChangeCode": "E",
      "priceReason": "Reaction"
    },
    "isPriceAvailable": true,
    "channelAvailability": [
      "3_BE_STORE",
      "8_BE_STORE",
      "8_BE_COLLECT_NEXT_DAY",
      "8_BE_HOME_DELIVERY",
      "8_BE_HOME_DELIVERY_DRIVER"
    ],
    "businessDomain": "RETAIL_BE",
    "walkRouteSequenceNumber": 3872,
    "isAvailable": true,
    "inPromo": false,
    "topCategoryName": "Boissons",
    "topCategoryId": "354",
    "categories": [
      {
        "name": "Boissons",
        "id": "354",
        "children": [
          {
            "name": "Bi\u00e8res",
            "id": "389",
            "children": [
              {
                "name": "Bi\u00e8re d'Abbaye, Trappiste blonde & amb",
                "id": "391"
              }
            ]
          }
        ]
      }
    ],
    "IsPrivateLabel": false,
    "amount": 1.98,
    "IsBiffe": false,
    "foodPairing": [
      "Volaille",
      "Viande rouge",
      "Viande blanche",
      "Veggie",
      "Poisson",
      "Gibier",
      "Fromages forts",
      "Desserts",
      "Crustac\u00e9s"
    ],
    "IsWeightArticle": false,
    "WeightconversionFactor": "0",
    "IsBio": false,
    "CountryOfOrigin": "BELGIQUE",
    "IsExclusivelySoldInLuxembourg": false,
    "OrderUnit": "P",
    "AlcoholDisclaimermsg": true,
    "ShortName": "CHIMAY 8DEG TRIPLE 6X33",
    "IsNew": false,
    "amountUnit": "kg",
    "CountryOfOriginISO": "BE",
    "servings": {
      "source": "1.0",
      "parsedValue": 1
    },
    "EcoscoreLabel": "D",
    "ShowAlcoholLegalMsg": true,
    "LongName": "CHIMAY trappiste triple 8% 6x33cl",
    "RecentQuanityOfStockUnits": "1",
    "AlcoholVolume": "8",
    "FicCode": "E",
    "DepositValue": [
      0.6
    ],
    "EcoscoreValue": "37"
  },
  {
    "technicalArticleNumber": "1781865",
    "commercialArticleNumber": "6005",
    "gtin": [
      "05410228221487",
      "05410228193340",
      "05410228193128",
      "05410228221500",
      "05400141060058"
    ],
    "productId": "35384",
    "name": "Ros\u00e9e framboise 3%",
    "description": "*Bi\u00e8re fruit\u00e9e\n*3 % vol\n*Go\u00fbt: framboise",
    "brand": "HOEGAARDEN",
    "seoBrand": "Hoegaarden",
    "thumbNail": "https://static.colruytgroup.com/images/200x200/std.lang.all/53/73/asset-2875373.jpg",
    "fullImage": "https://static.colruytgroup.com/images/500x500/std.lang.all/53/73/asset-2875373.jpg",
    "squareImage": "https://static.colruytgroup.com/images/500x500sq/std.lang.all/53/73/asset-2875373.jpg",
    "content": "8x25cl",
    "price": {
      "basicPrice": 8.94,
      "recommendedQuantity": "1.0",
      "measurementUnitPrice": 4.47,
      "measurementUnit": "L",
      "isRedPrice": false,
      "pricePerUOM": 4.47,
      "activationDate": "05-06-2025",
      "recordSource": "Folder",
      "isPromoActive": "N",
      "priceChangeCode": "L",
      "priceReason": "Reaction"
    },
    "isPriceAvailable": true,
    "channelAvailability": [
      "3_BE_STORE",
      "8_BE_STORE",
      "8_LU_STORE",
      "8_BE_COLLECT_NEXT_DAY",
      "8_BE_HOME_DELIVERY",
      "8_BE_HOME_DELIVERY_DRIVER"
    ],
    "businessDomain": "RETAIL_BE",
    "walkRouteSequenceNumber": 4056,
    "isAvailable": true,
    "inPromo": true,
    "promotion": [
      {
        "techPromoId": "101339COLR",
        "promotionId": "101339",
        "promotionType": "3",
        "isPersonalized": "N",
        "publicationStartDate": "04-06-2025",
        "publicationEndDate": "17-06-2025",
        "topPromo": false
      }
    ],
    "topCategoryName": "Boissons",
    "topCategoryId": "354",
    "categories": [
      {
        "name": "Boissons",
        "id": "354",
        "children": [
          {
            "name": "Bi\u00e8res",
            "id": "389",
            "children": [
              {
                "name": "Bi\u00e8re blanche, bi\u00e8re aux fruits et bi",
                "id": "395"
              }
            ]
          }
        ]
      }
    ],
    "IsPrivateLabel": false,
    "amount": {
      "source": "2.0",
      "parsedValue": 2
    },
    "IsBiffe": false,
    "foodPairing": [
      "Desserts",
      "Gibier",
      "Poisson",
      "Salade",
      "Volaille",
      "Ap\u00e9ritif"
    ],
    "IsWeightArticle": false,
    "WeightconversionFactor": "0",
    "IsBio": false,
    "CountryOfOrigin": "BELGIQUE",
    "IsExclusivelySoldInLuxembourg": false,
    "OrderUnit": "P",
    "AlcoholDisclaimermsg": true,
    "InSeason": true,
    "ShortName": "HOEG BLANCHE ROSE 8X25C",
    "IsNew": false,
    "amountUnit": "kg",
    "CountryOfOriginISO": "BE",
    "ShowAlcoholLegalMsg": true,
    "LongName": "HOEGAARDEN Ros\u00e9e framboise 3% 8x25cl",
    "RecentQuanityOfStockUnits": "3,1",
    "AlcoholVolume": "3",
    "StartSeasonDate": "20/12/2007",
    "FicCode": "I",
    "DepositValue": [
      0.8
    ]
  },
  {
    "technicalArticleNumber": "5016",
    "commercialArticleNumber": "5016",
    "gtin": [
      "05410263912807",
      "05410263915754",
      "05410263006964",
      "05410263006278",
      "00000054017016"
    ],
    "productId": "373",
    "name": "pils 5,2% bac",
    "description": "*Bi\u00e8re blonde\n*Pils belge\n*Houblonn\u00e9e\n*Houblon Saaz\n*5,2% VOL",
    "brand": "MAES",
    "seoBrand": "Maes",
    "thumbNail": "https://static.colruytgroup.com/images/200x200/std.lang.all/57/63/asset-3245763.jpg",
    "fullImage": "https://static.colruytgroup.com/images/500x500/std.lang.all/57/63/asset-3245763.jpg",
    "squareImage": "https://static.colruytgroup.com/images/500x500sq/std.lang.all/57/63/asset-3245763.jpg",
    "content": "24x25cl",
    "price": {
      "basicPrice": 8.95,
      "recommendedQuantity": "1.0",
      "measurementUnitPrice": 1.5,
      "measurementUnit": "L",
      "isRedPrice": false,
      "pricePerUOM": 1.5,
      "activationDate": "04-06-2025",
      "recordSource": "Folder",
      "isPromoActive": "N",
      "priceChangeCode": "L",
      "priceReason": "Reaction"
    },
    "isPriceAvailable": true,
    "channelAvailability": [
      "3_BE_STORE",
      "8_BE_STORE",
      "8_LU_STORE",
      "8_BE_COLLECT_NEXT_DAY",
      "8_BE_HOME_DELIVERY",
      "8_BE_HOME_DELIVERY_DRIVER"
    ],
    "businessDomain": "RETAIL_BE",
    "walkRouteSequenceNumber": 4062,
    "isAvailable": true,
    "inPromo": false,
    "topCategoryName": "Boissons",
    "topCategoryId": "354",
    "categories": [
      {
        "name": "Boissons",
        "id": "354",
        "children": [
          {
            "name": "Bi\u00e8res",
            "id": "389",
            "children": [
              {
                "name": "Pils",
                "id": "1551",
                "children": [
                  {
                    "name": "Pils en bouteille",
                    "id": "1552"
                  }
                ]
              }
            ]
          }
        ]
      }
    ],
    "IsPrivateLabel": false,
    "amount": {
      "source": "6.0",
      "parsedValue": 6
    },
    "IsBiffe": false,
    "foodPairing": [
      "Crustac\u00e9s",
      "Fromages doux",
      "Poisson",
      "Volaille",
      "Veggie",
      "Salade",
      "P\u00e2tes & pizza",
      "Ap\u00e9ritif"
    ],
    "IsWeightArticle": false,
    "WeightconversionFactor": "0",
    "IsBio": false,
    "CountryOfOrigin": "BELGIQUE",
    "IsExclusivelySoldInLuxembourg": false,
    "OrderUnit": "P",
    "AlcoholDisclaimermsg": true,
    "ShortName": "MAES PILS 24X25CL",
    "IsNew": false,
    "amountUnit": "kg",
    "CountryOfOriginISO": "BE",
    "EcoscoreLabel": "D",
    "ShowAlcoholLegalMsg": true,
    "LongName": "MAES pils 5,2% bac 24x25cl",
    "RecentQuanityOfStockUnits": "1",
    "AlcoholVolume": "5.2",
    "FicCode": "E",
    "DepositValue": [
      4.5
    ],
    "EcoscoreValue": "37"
  },
  {
    "technicalArticleNumber": "5276",
    "commercialArticleNumber": "5276",
    "gtin": [
      "05400141052763",
      "05412896000012"
    ],
    "productId": "383",
    "name": "bi\u00e8re blonde 7,5%vol",
    "description": "*Bi\u00e8re sp\u00e9ciale\n*7,5 % vol\n*Referment. en bout.",
    "brand": "HOMMELBIER",
    "seoBrand": "Hommelbier",
    "thumbNail": "https://static.colruytgroup.com/images/200x200/std.lang.all/20/58/asset-2172058.jpg",
    "fullImage": "https://static.colruytgroup.com/images/500x500/std.lang.all/20/58/asset-2172058.jpg",
    "squareImage": "https://static.colruytgroup.com/images/500x500sq/std.lang.all/20/58/asset-2172058.jpg",
    "content": "8x25cl",
    "price": {
      "basicPrice": 8.99,
      "recommendedQuantity": "1.0",
      "measurementUnitPrice": 4.5,
      "measurementUnit": "L",
      "isRedPrice": false,
      "pricePerUOM": 4.5,
      "activationDate": "12-05-2025",
      "isPromoActive": "N",
      "priceChangeCode": "H",
      "priceReason": "Market"
    },
    "isPriceAvailable": true,
    "channelAvailability": [
      "8_BE_STORE",
      "8_BE_COLLECT_NEXT_DAY",
      "8_BE_HOME_DELIVERY_DRIVER"
    ],
    "businessDomain": "RETAIL_BE",
    "walkRouteSequenceNumber": 3927,
    "isAvailable": true,
    "inPromo": false,
    "topCategoryName": "Boissons",
    "topCategoryId": "354",
    "categories": [
      {
        "name": "Boissons",
        "id": "354",
        "children": [
          {
            "name": "Bi\u00e8res",
            "id": "389",
            "children": [
              {
                "name": "Blonde, blonde forte et triple b",
                "id": "394"
              }
            ]
          }
        ]
      }
    ],
    "IsPrivateLabel": false,
    "amount": {
      "source": "2.0",
      "parsedValue": 2
    },
    "IsBiffe": false,
    "foodPairing": [
      "Volaille",
      "Viande rouge",
      "Viande blanche",
      "Poisson",
      "Gibier",
      "Fromages forts",
      "Desserts",
      "Crustac\u00e9s"
    ],
    "IsWeightArticle": false,
    "WeightconversionFactor": "0",
    "IsBio": false,
    "CountryOfOrigin": "BELGIQUE",
    "IsExclusivelySoldInLuxembourg": false,
    "OrderUnit": "P",
    "AlcoholDisclaimermsg": true,
    "ShortName": "RE HOMMELBIER 8X25 CL",
    "IsNew": false,
    "amountUnit": "kg",
    "CountryOfOriginISO": "BE",
    "EcoscoreLabel": "D",
    "ShowAlcoholLegalMsg": true,
    "LongName": "HOMMELBIER bi\u00e8re blonde 7,5%vol 8x25cl",
    "RecentQuanityOfStockUnits": "1",
    "AlcoholVolume": "7.5",
    "FicCode": "E",
    "DepositValue": [
      0.8
    ],
    "EcoscoreValue": "37"
  },
  {
    "technicalArticleNumber": "3700297",
    "commercialArticleNumber": "10478",
    "gtin": [
      "05400141033847",
      "05410228265443"
    ],
    "productId": "302653",
    "name": "Blonde 8,4%",
    "description": "*3 c\u00e9r\u00e9ales\n*8,4 % vol",
    "brand": "TRIPEL KARMELIET",
    "seoBrand": "Tripel Karmeliet",
    "thumbNail": "https://static.colruytgroup.com/images/200x200/std.lang.all/12/47/asset-1231247.jpg",
    "fullImage": "https://static.colruytgroup.com/images/500x500/std.lang.all/12/47/asset-1231247.jpg",
    "squareImage": "https://static.colruytgroup.com/images/500x500sq/std.lang.all/12/47/asset-1231247.jpg",
    "content": "6x33cl",
    "price": {
      "basicPrice": 8.99,
      "recommendedQuantity": "1.0",
      "quantityPrice": 6.95,
      "quantityPriceQuantity": "2.0",
      "measurementUnitPrice": 4.55,
      "measurementUnitQuantityPrice": 3.52,
      "measurementUnit": "L",
      "isRedPrice": false,
      "pricePerUOM": 4.55,
      "activationDate": "04-06-2025",
      "recordSource": "Offline",
      "isPromoActive": "N",
      "priceChangeCode": "H",
      "quantityPricePerUOM": 3.52,
      "quantityActivationDate": "04-06-2025",
      "quantityPriceChangeCode": "L",
      "priceReason": "Reaction"
    },
    "isPriceAvailable": true,
    "channelAvailability": [
      "3_BE_STORE",
      "8_BE_STORE",
      "8_LU_STORE",
      "8_BE_COLLECT_NEXT_DAY",
      "8_BE_HOME_DELIVERY",
      "8_BE_HOME_DELIVERY_DRIVER"
    ],
    "businessDomain": "RETAIL_BE",
    "walkRouteSequenceNumber": 3936,
    "isAvailable": true,
    "inPromo": false,
    "topCategoryName": "Boissons",
    "topCategoryId": "354",
    "categories": [
      {
        "name": "Boissons",
        "id": "354",
        "children": [
          {
            "name": "Bi\u00e8res",
            "id": "389",
            "children": [
              {
                "name": "Blonde, blonde forte et triple b",
                "id": "394"
              }
            ]
          }
        ]
      }
    ],
    "IsPrivateLabel": false,
    "amount": 1.98,
    "IsBiffe": false,
    "foodPairing": [
      "Crustac\u00e9s",
      "Desserts",
      "Fromages forts",
      "Gibier",
      "Poisson",
      "Viande blanche",
      "Volaille",
      "Viande rouge"
    ],
    "IsWeightArticle": false,
    "WeightconversionFactor": "0",
    "IsBio": false,
    "CountryOfOrigin": "BELGIQUE",
    "IsExclusivelySoldInLuxembourg": false,
    "OrderUnit": "P",
    "AlcoholDisclaimermsg": true,
    "ShortName": "TRIP KARM 8.4% 6X33CL",
    "IsNew": false,
    "amountUnit": "kg",
    "CountryOfOriginISO": "BE",
    "ShowAlcoholLegalMsg": true,
    "LongName": "TRIPEL KARMELIET Blonde 8,4% 6x33cl",
    "RecentQuanityOfStockUnits": "1,1",
    "AlcoholVolume": "8.4",
    "FicCode": "E",
    "DepositValue": [
      0.6
    ]
  },
  {
    "technicalArticleNumber": "4874353",
    "commercialArticleNumber": "38872",
    "gtin": [
      "05410218110623",
      "05400141908183"
    ],
    "productId": "1255005",
    "name": "Vieille Gueuze 6,7%",
    "brand": "TIMMERMANS",
    "seoBrand": "Timmermans",
    "thumbNail": "https://static.colruytgroup.com/images/200x200/std.lang.all/72/30/asset-3797230.jpg",
    "fullImage": "https://static.colruytgroup.com/images/500x500/std.lang.all/72/30/asset-3797230.jpg",
    "squareImage": "https://static.colruytgroup.com/images/500x500sq/std.lang.all/72/30/asset-3797230.jpg",
    "content": "3x37,5cl",
    "price": {
      "basicPrice": 8.99,
      "recommendedQuantity": "1.0",
      "measurementUnitPrice": {
        "source": "8.0",
        "parsedValue": 8
      },
      "measurementUnit": "L",
      "isRedPrice": false,
      "pricePerUOM": {
        "source": "8.0",
        "parsedValue": 8
      },
      "activationDate": "24-05-2025",
      "isPromoActive": "N",
      "priceChangeCode": "L",
      "priceReason": "FALLBACK"
    },
    "isPriceAvailable": true,
    "channelAvailability": [
      "8_BE_STORE",
      "8_BE_COLLECT_NEXT_DAY",
      "8_BE_HOME_DELIVERY_DRIVER"
    ],
    "businessDomain": "RETAIL_BE",
    "walkRouteSequenceNumber": 4025,
    "isAvailable": true,
    "inPromo": false,
    "topCategoryName": "Boissons",
    "topCategoryId": "354",
    "categories": [
      {
        "name": "Boissons",
        "id": "354",
        "children": [
          {
            "name": "Bi\u00e8res",
            "id": "389",
            "children": [
              {
                "name": "Bi\u00e8re d'Abbaye, Trappiste blonde & amb",
                "id": "391"
              }
            ]
          }
        ]
      }
    ],
    "IsPrivateLabel": false,
    "amount": 1.125,
    "IsBiffe": false,
    "foodPairing": [
      "Volaille",
      "Viande rouge",
      "Viande blanche",
      "Ap\u00e9ritif",
      "Salade",
      "Poisson",
      "Fromages doux",
      "Desserts",
      "Crustac\u00e9s",
      "Barbecue",
      "Veggie"
    ],
    "IsWeightArticle": false,
    "WeightconversionFactor": "0",
    "IsBio": false,
    "CountryOfOrigin": "BELGIQUE",
    "IsExclusivelySoldInLuxembourg": false,
    "OrderUnit": "P",
    "AlcoholDisclaimermsg": true,
    "ShortName": "TIMM VEIL.GUEUZE3X37.5C",
    "IsNew": false,
    "amountUnit": "kg",
    "CountryOfOriginISO": "BE",
    "EcoscoreLabel": "D",
    "ShowAlcoholLegalMsg": true,
    "LongName": "TIMMERMANS Vieille Gueuze 6,7% 3x37,5cl",
    "RecentQuanityOfStockUnits": "1",
    "AlcoholVolume": "6.7",
    "FicCode": "E",
    "DepositValue": [
      0.6
    ],
    "EcoscoreValue": "37"
  },
  {
    "technicalArticleNumber": "4891918",
    "commercialArticleNumber": "7855",
    "gtin": [
      "05400141676853",
      "05411681413686",
      "05411681413693"
    ],
    "productId": "1267830",
    "name": "Imperial Blond 10%",
    "brand": "DUVEL",
    "seoBrand": "Duvel",
    "thumbNail": "https://static.colruytgroup.com/images/200x200/std.lang.all/06/53/asset-3820653.jpg",
    "fullImage": "https://static.colruytgroup.com/images/500x500/std.lang.all/06/53/asset-3820653.jpg",
    "squareImage": "https://static.colruytgroup.com/images/500x500sq/std.lang.all/06/53/asset-3820653.jpg",
    "content": "4x33cl",
    "price": {
      "basicPrice": 8.99,
      "recommendedQuantity": "1.0",
      "measurementUnitPrice": 6.82,
      "measurementUnit": "L",
      "isRedPrice": false,
      "pricePerUOM": 6.82,
      "activationDate": "04-06-2025",
      "recordSource": "Offline",
      "isPromoActive": "N",
      "priceChangeCode": "E",
      "priceReason": "Reaction"
    },
    "isPriceAvailable": true,
    "channelAvailability": [
      "8_BE_STORE",
      "8_BE_COLLECT_NEXT_DAY",
      "8_BE_HOME_DELIVERY",
      "8_BE_HOME_DELIVERY_DRIVER"
    ],
    "businessDomain": "RETAIL_BE",
    "walkRouteSequenceNumber": 3952,
    "isAvailable": true,
    "inPromo": false,
    "topCategoryName": "Boissons",
    "topCategoryId": "354",
    "categories": [
      {
        "name": "Boissons",
        "id": "354",
        "children": [
          {
            "name": "Bi\u00e8res",
            "id": "389",
            "children": [
              {
                "name": "Blonde, blonde forte et triple b",
                "id": "394"
              }
            ]
          }
        ]
      }
    ],
    "foodPairing": [
      "Viande rouge",
      "Viande blanche",
      "Veggie",
      "P\u00e2tes & pizza",
      "Fromages forts",
      "Barbecue",
      "Ap\u00e9ritif"
    ],
    "CountryOfOrigin": "BELGIQUE",
    "IsExclusivelySoldInLuxembourg": false,
    "OrderUnit": "P",
    "AlcoholDisclaimermsg": true,
    "InSeason": true,
    "ShortName": "DUVE IMPERIAL BL 4X33CL",
    "IsNew": false,
    "ShowAlcoholLegalMsg": true,
    "RecentQuanityOfStockUnits": "1,1",
    "FicCode": "I",
    "IsPrivateLabel": false,
    "amount": 1.32,
    "IsBiffe": false,
    "IsWeightArticle": false,
    "WeightconversionFactor": "0",
    "IsBio": false,
    "amountUnit": "kg",
    "CountryOfOriginISO": "BE",
    "EcoscoreLabel": "D",
    "LongName": "DUVEL Imperial Blond 10% 4x33cl",
    "AlcoholVolume": "10",
    "StartSeasonDate": "26/05/2025",
    "DepositValue": [
      0.4
    ],
    "EcoscoreValue": "37"
  },
  {
    "technicalArticleNumber": "2489461",
    "commercialArticleNumber": "13223",
    "gtin": [
      "05400141005752",
      "05411551310817"
    ],
    "productId": "42663",
    "name": "triple 10,5%vol",
    "description": "*Bi\u00e8re blonde forte\n*10,5 % vol",
    "brand": "BUSH",
    "seoBrand": "Bush",
    "thumbNail": "https://static.colruytgroup.com/images/200x200/std.lang.all/67/99/asset-3476799.jpg",
    "fullImage": "https://static.colruytgroup.com/images/500x500/std.lang.all/67/99/asset-3476799.jpg",
    "squareImage": "https://static.colruytgroup.com/images/500x500sq/std.lang.all/67/99/asset-3476799.jpg",
    "content": "6x33cl",
    "price": {
      "basicPrice": {
        "source": "9.0",
        "parsedValue": 9
      },
      "recommendedQuantity": "1.0",
      "measurementUnitPrice": 4.55,
      "measurementUnit": "L",
      "isRedPrice": false,
      "pricePerUOM": 4.55,
      "activationDate": "30-05-2025",
      "recordSource": "Online",
      "isPromoActive": "N",
      "priceChangeCode": "H",
      "priceReason": "Reaction"
    },
    "isPriceAvailable": true,
    "channelAvailability": [
      "8_BE_STORE",
      "8_LU_STORE",
      "8_BE_COLLECT_NEXT_DAY",
      "8_BE_HOME_DELIVERY",
      "8_BE_HOME_DELIVERY_DRIVER"
    ],
    "businessDomain": "RETAIL_BE",
    "walkRouteSequenceNumber": 3987,
    "isAvailable": true,
    "inPromo": false,
    "topCategoryName": "Boissons",
    "topCategoryId": "354",
    "categories": [
      {
        "name": "Boissons",
        "id": "354",
        "children": [
          {
            "name": "Bi\u00e8res",
            "id": "389",
            "children": [
              {
                "name": "Blonde, blonde forte et triple b",
                "id": "394"
              }
            ]
          }
        ]
      }
    ],
    "IsPrivateLabel": false,
    "amount": 1.98,
    "IsBiffe": false,
    "foodPairing": [
      "Crustac\u00e9s",
      "Desserts",
      "Fromages forts",
      "Gibier",
      "Poisson",
      "Viande blanche",
      "Viande rouge",
      "Volaille"
    ],
    "IsWeightArticle": false,
    "WeightconversionFactor": "0",
    "IsBio": false,
    "CountryOfOrigin": "BELGIQUE",
    "IsExclusivelySoldInLuxembourg": false,
    "OrderUnit": "P",
    "AlcoholDisclaimermsg": true,
    "ShortName": "BUSH TRIPLE 6X33CL",
    "IsNew": false,
    "amountUnit": "kg",
    "CountryOfOriginISO": "BE",
    "EcoscoreLabel": "D",
    "ShowAlcoholLegalMsg": true,
    "LongName": "BUSH triple 10,5%vol 6x33cl",
    "RecentQuanityOfStockUnits": "1",
    "AlcoholVolume": "10.5",
    "FicCode": "E",
    "DepositValue": [
      0.6
    ],
    "EcoscoreValue": "37"
  },
  {
    "technicalArticleNumber": "2387692",
    "commercialArticleNumber": "2201",
    "gtin": [
      "05400141922011"
    ],
    "productId": "54166",
    "name": "bi\u00e8re blonde 8,0%vol",
    "description": "*Bi\u00e8re blonde forte\n*8 % vol\n*Referment. en bout.",
    "brand": "OMER",
    "seoBrand": "Omer",
    "thumbNail": "https://static.colruytgroup.com/images/200x200/std.lang.all/57/59/asset-1205759.jpg",
    "fullImage": "https://static.colruytgroup.com/images/500x500/std.lang.all/57/59/asset-1205759.jpg",
    "squareImage": "https://static.colruytgroup.com/images/500x500sq/std.lang.all/57/59/asset-1205759.jpg",
    "content": "6x33cl",
    "price": {
      "basicPrice": {
        "source": "9.0",
        "parsedValue": 9
      },
      "recommendedQuantity": "1.0",
      "measurementUnitPrice": 4.55,
      "measurementUnit": "L",
      "isRedPrice": false,
      "pricePerUOM": 4.55,
      "activationDate": "03-06-2025",
      "recordSource": "Offline",
      "isPromoActive": "N",
      "priceChangeCode": "E",
      "priceReason": "Reaction"
    },
    "isPriceAvailable": true,
    "channelAvailability": [
      "3_BE_STORE",
      "8_BE_STORE",
      "8_LU_STORE",
      "8_BE_COLLECT_NEXT_DAY",
      "8_BE_HOME_DELIVERY",
      "8_BE_HOME_DELIVERY_DRIVER"
    ],
    "businessDomain": "RETAIL_BE",
    "walkRouteSequenceNumber": 3937,
    "isAvailable": true,
    "inPromo": false,
    "topCategoryName": "Boissons",
    "topCategoryId": "354",
    "categories": [
      {
        "name": "Boissons",
        "id": "354",
        "children": [
          {
            "name": "Bi\u00e8res",
            "id": "389",
            "children": [
              {
                "name": "Blonde, blonde forte et triple b",
                "id": "394"
              }
            ]
          }
        ]
      }
    ],
    "IsPrivateLabel": false,
    "amount": 1.98,
    "IsBiffe": false,
    "foodPairing": [
      "Volaille",
      "Viande rouge",
      "Viande blanche",
      "Poisson",
      "Barbecue",
      "Fromages forts",
      "Desserts",
      "Crustac\u00e9s",
      "Gibier"
    ],
    "IsWeightArticle": false,
    "WeightconversionFactor": "0",
    "IsBio": false,
    "CountryOfOrigin": "BELGIQUE",
    "IsExclusivelySoldInLuxembourg": false,
    "OrderUnit": "P",
    "AlcoholDisclaimermsg": true,
    "ShortName": "OMER 6X33CL.",
    "IsNew": false,
    "amountUnit": "kg",
    "CountryOfOriginISO": "BE",
    "EcoscoreLabel": "D",
    "ShowAlcoholLegalMsg": true,
    "LongName": "OMER bi\u00e8re blonde 8,0%vol 6x33cl",
    "RecentQuanityOfStockUnits": "1",
    "AlcoholVolume": "8",
    "FicCode": "I",
    "DepositValue": [
      0.6
    ],
    "EcoscoreValue": "37"
  },
  {
    "technicalArticleNumber": "4863903",
    "commercialArticleNumber": "38684",
    "gtin": [
      "05400141628203"
    ],
    "productId": "1247281",
    "name": "Triple+Caract\u00e8re 33cl gr.",
    "description": "*Bi\u00e8re blonde forte\n*10,5% vol\n*Avec bouteille Bush\nCaract\u00e8re 33cl grat.\n*Offre temporaire",
    "brand": "BUSH",
    "seoBrand": "Bush",
    "thumbNail": "https://ecgproductmw.colruytgroup.com/ecgproductmw/noPicForArticle_2.jpg",
    "fullImage": "https://ecgproductmw.colruytgroup.com/ecgproductmw/noPicForArticle_5.jpg",
    "squareImage": "https://ecgproductmw.colruytgroup.com/ecgproductmw/noPicForArticle_5.jpg",
    "content": "6x33cl",
    "price": {
      "basicPrice": {
        "source": "9.0",
        "parsedValue": 9
      },
      "recommendedQuantity": "1.0",
      "measurementUnitPrice": 4.55,
      "measurementUnit": "L",
      "isRedPrice": false,
      "pricePerUOM": 4.55,
      "activationDate": "30-05-2025",
      "recordSource": "Online",
      "isPromoActive": "N",
      "priceChangeCode": "H",
      "priceReason": "Reaction"
    },
    "isPriceAvailable": true,
    "channelAvailability": [
      "8_BE_STORE",
      "8_LU_STORE",
      "8_BE_COLLECT_NEXT_DAY",
      "8_BE_HOME_DELIVERY",
      "8_BE_HOME_DELIVERY_DRIVER"
    ],
    "businessDomain": "RETAIL_BE",
    "walkRouteSequenceNumber": 3986,
    "isAvailable": true,
    "inPromo": false,
    "topCategoryName": "Boissons",
    "topCategoryId": "354",
    "categories": [
      {
        "name": "Boissons",
        "id": "354",
        "children": [
          {
            "name": "Bi\u00e8res",
            "id": "389",
            "children": [
              {
                "name": "Bi\u00e8re d'Abbaye, Trappiste blonde & amb",
                "id": "391"
              }
            ]
          }
        ]
      }
    ],
    "IsPrivateLabel": false,
    "amount": 1.98,
    "IsBiffe": false,
    "foodPairing": [
      "Volaille",
      "Viande rouge",
      "Viande blanche",
      "Poisson",
      "Gibier",
      "Fromages forts",
      "Desserts",
      "Crustac\u00e9s"
    ],
    "IsWeightArticle": false,
    "WeightconversionFactor": "0",
    "IsBio": false,
    "CountryOfOrigin": "BELGIQUE",
    "IsExclusivelySoldInLuxembourg": false,
    "OrderUnit": "P",
    "AlcoholDisclaimermsg": true,
    "ShortName": "BUSH TRIPLE+CAR.GR6X33C",
    "IsNew": false,
    "amountUnit": "kg",
    "CountryOfOriginISO": "BE",
    "EcoscoreLabel": "D",
    "ShowAlcoholLegalMsg": true,
    "LongName": "BUSH Triple+Caract\u00e8re 33cl gr. 6x33cl",
    "RecentQuanityOfStockUnits": "1",
    "AlcoholVolume": "10.5",
    "FicCode": "E",
    "DepositValue": [
      0.7
    ],
    "EcoscoreValue": "37"
  },
  {
    "technicalArticleNumber": "3443961",
    "commercialArticleNumber": "23953",
    "gtin": [
      "05410908000128",
      "05400141378382",
      "15410908000125"
    ],
    "productId": "200745",
    "name": "trappiste dor\u00e9e 4,8%vol",
    "description": "*4,8 % vol\n*Bi\u00e8re trappiste",
    "brand": "CHIMAY",
    "seoBrand": "Chimay",
    "thumbNail": "https://static.colruytgroup.com/images/200x200/std.lang.all/65/66/asset-1206566.jpg",
    "fullImage": "https://static.colruytgroup.com/images/500x500/std.lang.all/65/66/asset-1206566.jpg",
    "squareImage": "https://static.colruytgroup.com/images/500x500sq/std.lang.all/65/66/asset-1206566.jpg",
    "content": "6x33cl",
    "price": {
      "basicPrice": 9.06,
      "recommendedQuantity": "1.0",
      "quantityPrice": 8.7,
      "quantityPriceQuantity": "3.0",
      "measurementUnitPrice": 4.58,
      "measurementUnitQuantityPrice": 4.4,
      "measurementUnit": "L",
      "isRedPrice": false,
      "pricePerUOM": 4.58,
      "activationDate": "07-05-2025",
      "recordSource": "Online",
      "isPromoActive": "N",
      "priceChangeCode": "E",
      "quantityPricePerUOM": 4.4,
      "quantityActivationDate": "07-05-2025",
      "quantityPriceChangeCode": "E",
      "priceReason": "Reaction"
    },
    "isPriceAvailable": true,
    "channelAvailability": [
      "3_BE_STORE",
      "8_BE_STORE",
      "8_BE_COLLECT_NEXT_DAY",
      "8_BE_HOME_DELIVERY",
      "8_BE_HOME_DELIVERY_DRIVER"
    ],
    "businessDomain": "RETAIL_BE",
    "walkRouteSequenceNumber": 3837,
    "isAvailable": true,
    "inPromo": false,
    "topCategoryName": "Boissons",
    "topCategoryId": "354",
    "categories": [
      {
        "name": "Boissons",
        "id": "354",
        "children": [
          {
            "name": "Bi\u00e8res",
            "id": "389",
            "children": [
              {
                "name": "Bi\u00e8re d'Abbaye, Trappiste blonde & amb",
                "id": "391"
              }
            ]
          }
        ]
      }
    ],
    "IsPrivateLabel": false,
    "amount": 1.98,
    "IsBiffe": false,
    "foodPairing": [
      "Desserts",
      "Crustac\u00e9s",
      "Volaille",
      "Viande rouge",
      "Poisson",
      "Viande blanche",
      "Fromages forts",
      "Veggie",
      "Gibier"
    ],
    "IsWeightArticle": false,
    "WeightconversionFactor": "0",
    "IsBio": false,
    "CountryOfOrigin": "BELGIQUE",
    "IsExclusivelySoldInLuxembourg": false,
    "OrderUnit": "P",
    "AlcoholDisclaimermsg": true,
    "InSeason": true,
    "ShortName": "CHIMAY DOREE 6X33CL",
    "IsNew": false,
    "amountUnit": "kg",
    "CountryOfOriginISO": "BE",
    "ShowAlcoholLegalMsg": true,
    "LongName": "CHIMAY trappiste dor\u00e9e 4,8%vol 6x33cl",
    "RecentQuanityOfStockUnits": "1",
    "AlcoholVolume": "4.8",
    "StartSeasonDate": "09/02/2017",
    "FicCode": "E",
    "DepositValue": [
      0.6
    ]
  },
  {
    "technicalArticleNumber": "1984033",
    "commercialArticleNumber": "5170",
    "gtin": [
      "05410228213963",
      "05410228213987",
      "05410228214007",
      "05410228216131"
    ],
    "productId": "22212",
    "name": "bi\u00e8re abbaye blonde 6,6%",
    "description": "*Bi\u00e8re d'abbaye\n*6,6 % vol",
    "brand": "LEFFE",
    "seoBrand": "Leffe",
    "thumbNail": "https://static.colruytgroup.com/images/200x200/std.lang.all/08/17/asset-3790817.jpg",
    "fullImage": "https://static.colruytgroup.com/images/500x500/std.lang.all/08/17/asset-3790817.jpg",
    "squareImage": "https://static.colruytgroup.com/images/500x500sq/std.lang.all/08/17/asset-3790817.jpg",
    "content": "8x33cl",
    "price": {
      "basicPrice": 9.07,
      "recommendedQuantity": "1.0",
      "quantityPrice": 4.94,
      "quantityPriceQuantity": "4.0",
      "measurementUnitPrice": 3.44,
      "measurementUnitQuantityPrice": 1.88,
      "measurementUnit": "L",
      "isRedPrice": false,
      "pricePerUOM": 3.44,
      "activationDate": "05-06-2025",
      "recordSource": "Offline",
      "isPromoActive": "N",
      "priceChangeCode": "E",
      "quantityPricePerUOM": 1.88,
      "quantityActivationDate": "05-06-2025",
      "quantityPriceChangeCode": "E",
      "priceReason": "Reaction"
    },
    "isPriceAvailable": true,
    "channelAvailability": [
      "3_BE_STORE",
      "8_LU_STORE",
      "8_BE_STORE",
      "8_BE_COLLECT_NEXT_DAY",
      "8_BE_HOME_DELIVERY",
      "8_BE_HOME_DELIVERY_DRIVER"
    ],
    "businessDomain": "RETAIL_BE",
    "walkRouteSequenceNumber": 3847,
    "isAvailable": true,
    "inPromo": false,
    "topCategoryName": "Boissons",
    "topCategoryId": "354",
    "categories": [
      {
        "name": "Boissons",
        "id": "354",
        "children": [
          {
            "name": "Bi\u00e8res",
            "id": "389",
            "children": [
              {
                "name": "Bi\u00e8re d'Abbaye, Trappiste blonde & amb",
                "id": "391"
              }
            ]
          }
        ]
      }
    ],
    "IsPrivateLabel": false,
    "amount": 2.64,
    "IsBiffe": false,
    "foodPairing": [
      "Volaille",
      "Viande rouge",
      "Viande blanche",
      "Veggie",
      "Poisson",
      "Gibier",
      "Fromages forts",
      "Desserts",
      "Crustac\u00e9s"
    ],
    "IsWeightArticle": false,
    "WeightconversionFactor": "0",
    "IsBio": false,
    "CountryOfOrigin": "BELGIQUE",
    "IsExclusivelySoldInLuxembourg": false,
    "OrderUnit": "P",
    "AlcoholDisclaimermsg": true,
    "ShortName": "LEFF BLONDE 8X33CL",
    "IsNew": false,
    "amountUnit": "kg",
    "CountryOfOriginISO": "BE",
    "ShowAlcoholLegalMsg": true,
    "LongName": "LEFFE bi\u00e8re abbaye blonde 6,6% 8x33cl",
    "RecentQuanityOfStockUnits": "3,1",
    "AlcoholVolume": "6.6",
    "FicCode": "I",
    "DepositValue": [
      0.8
    ]
  },
  {
    "technicalArticleNumber": "4772546",
    "commercialArticleNumber": "32955",
    "gtin": [
      "05400141512120",
      "05425031951001",
      "05425031950752"
    ],
    "productId": "956943",
    "name": "Classic 7%",
    "description": "*Bi\u00e8re blonde\n*7,0 % vol",
    "brand": "CURTIUS",
    "seoBrand": "Curtius",
    "thumbNail": "https://static.colruytgroup.com/images/200x200/std.lang.all/43/87/asset-3364387.jpg",
    "fullImage": "https://static.colruytgroup.com/images/500x500/std.lang.all/43/87/asset-3364387.jpg",
    "squareImage": "https://static.colruytgroup.com/images/500x500sq/std.lang.all/43/87/asset-3364387.jpg",
    "content": "4x33cl",
    "price": {
      "basicPrice": 9.09,
      "recommendedQuantity": "1.0",
      "quantityPrice": 8.73,
      "quantityPriceQuantity": "3.0",
      "measurementUnitPrice": 6.89,
      "measurementUnitQuantityPrice": 6.62,
      "measurementUnit": "L",
      "isRedPrice": false,
      "pricePerUOM": 6.89,
      "activationDate": "03-06-2025",
      "isPromoActive": "N",
      "priceChangeCode": "H",
      "quantityPricePerUOM": 6.62,
      "quantityActivationDate": "03-06-2025",
      "quantityPriceChangeCode": "E",
      "priceReason": "FALLBACK"
    },
    "isPriceAvailable": true,
    "channelAvailability": [
      "8_BE_STORE",
      "8_LU_STORE",
      "8_BE_COLLECT_NEXT_DAY",
      "8_BE_HOME_DELIVERY",
      "8_BE_HOME_DELIVERY_DRIVER"
    ],
    "businessDomain": "RETAIL_BE",
    "walkRouteSequenceNumber": 3929,
    "isAvailable": true,
    "inPromo": false,
    "topCategoryName": "Boissons",
    "topCategoryId": "354",
    "categories": [
      {
        "name": "Boissons",
        "id": "354",
        "children": [
          {
            "name": "Bi\u00e8res",
            "id": "389",
            "children": [
              {
                "name": "Blonde, blonde forte et triple b",
                "id": "394"
              }
            ]
          }
        ]
      }
    ],
    "IsPrivateLabel": false,
    "amount": 1.32,
    "IsBiffe": false,
    "foodPairing": [
      "Volaille",
      "Salade",
      "P\u00e2tes & pizza",
      "Poisson",
      "Fromages doux",
      "Crustac\u00e9s",
      "Plats v\u00e9g\u00e9tariens"
    ],
    "IsWeightArticle": false,
    "WeightconversionFactor": "0",
    "IsBio": false,
    "CountryOfOrigin": "BELGIQUE",
    "IsExclusivelySoldInLuxembourg": false,
    "OrderUnit": "P",
    "AlcoholDisclaimermsg": true,
    "ShortName": "CURT CLASSIC 7% 4X33CL",
    "IsNew": false,
    "amountUnit": "kg",
    "CountryOfOriginISO": "BE",
    "EcoscoreLabel": "D",
    "ShowAlcoholLegalMsg": true,
    "LongName": "CURTIUS Classic 7% 4x33cl",
    "RecentQuanityOfStockUnits": "1",
    "AlcoholVolume": "7",
    "FicCode": "E",
    "DepositValue": [
      0.4
    ],
    "EcoscoreValue": "37"
  },
  {
    "technicalArticleNumber": "4107688",
    "commercialArticleNumber": "8632",
    "gtin": [
      "05400141289510",
      "05411283000246",
      "05430000829076"
    ],
    "productId": "522400",
    "name": "Jungle Joy",
    "description": "*Bi\u00e8re fruit\u00e9e\n*Mangue/passion\n*Blonde\n*5,9 % vol\n*Haute fermentation",
    "brand": "BRUSSELS BP",
    "seoBrand": "Brussels Beer Project",
    "thumbNail": "https://static.colruytgroup.com/images/200x200/std.lang.all/80/54/asset-1838054.jpg",
    "fullImage": "https://static.colruytgroup.com/images/500x500/std.lang.all/80/54/asset-1838054.jpg",
    "squareImage": "https://static.colruytgroup.com/images/500x500sq/std.lang.all/80/54/asset-1838054.jpg",
    "content": "4x33cl",
    "price": {
      "basicPrice": 9.15,
      "recommendedQuantity": "1.0",
      "measurementUnitPrice": 6.94,
      "measurementUnit": "L",
      "isRedPrice": false,
      "pricePerUOM": 6.94,
      "activationDate": "30-05-2025",
      "recordSource": "Offline",
      "isPromoActive": "N",
      "priceChangeCode": "E",
      "priceReason": "Reaction"
    },
    "isPriceAvailable": true,
    "channelAvailability": [
      "8_BE_STORE",
      "8_BE_COLLECT_NEXT_DAY",
      "8_BE_HOME_DELIVERY_DRIVER"
    ],
    "businessDomain": "RETAIL_BE",
    "walkRouteSequenceNumber": 4040,
    "isAvailable": true,
    "inPromo": false,
    "topCategoryName": "Boissons",
    "topCategoryId": "354",
    "categories": [
      {
        "name": "Boissons",
        "id": "354",
        "children": [
          {
            "name": "Bi\u00e8res",
            "id": "389",
            "children": [
              {
                "name": "Bi\u00e8re blanche, bi\u00e8re aux fruits et bi",
                "id": "395"
              }
            ]
          }
        ]
      }
    ],
    "IsPrivateLabel": false,
    "amount": 1.32,
    "IsBiffe": false,
    "foodPairing": [
      "Fromages doux",
      "Desserts",
      "Barbecue",
      "Ap\u00e9ritif"
    ],
    "IsWeightArticle": false,
    "WeightconversionFactor": "0",
    "IsBio": false,
    "CountryOfOrigin": "BELGIQUE",
    "IsExclusivelySoldInLuxembourg": false,
    "OrderUnit": "P",
    "AlcoholDisclaimermsg": true,
    "ShortName": "BBPR JUNGLE JOY 4X33CL",
    "IsNew": false,
    "amountUnit": "kg",
    "CountryOfOriginISO": "BE",
    "EcoscoreLabel": "C",
    "ShowAlcoholLegalMsg": true,
    "LongName": "BRUSSELS BP Jungle Joy 4x33cl",
    "RecentQuanityOfStockUnits": "1",
    "AlcoholVolume": "5.9",
    "FicCode": "E",
    "DepositValue": [
      0.4
    ],
    "EcoscoreValue": "50"
  },
  {
    "technicalArticleNumber": "4094902",
    "commercialArticleNumber": "8255",
    "gtin": [
      "05415270201395",
      "05400141285451",
      "05415270201722",
      "05415270100728"
    ],
    "productId": "514334",
    "name": "blonde 5,8%",
    "description": "*Bi\u00e8re blonde\n*5,8 % vol",
    "brand": "BI\u00c8RE DES AMIS",
    "seoBrand": "Bi\u00e8re des Amis",
    "thumbNail": "https://static.colruytgroup.com/images/200x200/std.lang.all/78/64/asset-1907864.jpg",
    "fullImage": "https://static.colruytgroup.com/images/500x500/std.lang.all/78/64/asset-1907864.jpg",
    "squareImage": "https://static.colruytgroup.com/images/500x500sq/std.lang.all/78/64/asset-1907864.jpg",
    "content": "4x33cl",
    "price": {
      "basicPrice": 9.16,
      "recommendedQuantity": "1.0",
      "measurementUnitPrice": 6.94,
      "measurementUnit": "L",
      "isRedPrice": false,
      "pricePerUOM": 6.94,
      "activationDate": "21-05-2025",
      "recordSource": "Offline",
      "isPromoActive": "N",
      "priceChangeCode": "E",
      "priceReason": "Reaction"
    },
    "isPriceAvailable": true,
    "channelAvailability": [
      "8_BE_STORE",
      "8_LU_STORE",
      "8_BE_COLLECT_NEXT_DAY",
      "8_BE_HOME_DELIVERY_DRIVER"
    ],
    "businessDomain": "RETAIL_BE",
    "walkRouteSequenceNumber": 3961,
    "isAvailable": true,
    "inPromo": false,
    "topCategoryName": "Boissons",
    "topCategoryId": "354",
    "categories": [
      {
        "name": "Boissons",
        "id": "354",
        "children": [
          {
            "name": "Bi\u00e8res",
            "id": "389",
            "children": [
              {
                "name": "Blonde, blonde forte et triple b",
                "id": "394"
              }
            ]
          }
        ]
      }
    ],
    "IsPrivateLabel": false,
    "amount": 1.32,
    "IsBiffe": false,
    "foodPairing": [
      "Volaille",
      "Viande blanche",
      "Veggie",
      "Ap\u00e9ritif",
      "Poisson",
      "Fromages doux",
      "Barbecue",
      "Salade"
    ],
    "IsWeightArticle": false,
    "WeightconversionFactor": "0",
    "IsBio": false,
    "CountryOfOrigin": "BELGIQUE",
    "IsExclusivelySoldInLuxembourg": false,
    "OrderUnit": "P",
    "AlcoholDisclaimermsg": true,
    "ShortName": "BIAM BLONDE 4X33CL",
    "IsNew": false,
    "amountUnit": "kg",
    "CountryOfOriginISO": "BE",
    "EcoscoreLabel": "D",
    "ShowAlcoholLegalMsg": true,
    "LongName": "BI\u00c8RE DES AMIS blonde 5,8% 4x33cl",
    "RecentQuanityOfStockUnits": "1",
    "AlcoholVolume": "5.8",
    "FicCode": "E",
    "EcoscoreValue": "37"
  },
  {
    "technicalArticleNumber": "4803303",
    "commercialArticleNumber": "37331",
    "gtin": [
      "05400141687736"
    ],
    "productId": "1059318",
    "name": "Blonde+d\u00e9capsuleur",
    "description": "*Bi\u00e8re blonde\n*5,8 % vol\n*Ouvre-bouteille\ngratuit\n*Offre temporaire",
    "brand": "BI\u00c8RE DES AMIS",
    "seoBrand": "Bi\u00e8re des Amis",
    "thumbNail": "https://ecgproductmw.colruytgroup.com/ecgproductmw/noPicForArticle_2.jpg",
    "fullImage": "https://ecgproductmw.colruytgroup.com/ecgproductmw/noPicForArticle_5.jpg",
    "squareImage": "https://ecgproductmw.colruytgroup.com/ecgproductmw/noPicForArticle_5.jpg",
    "content": "4x33cl",
    "price": {
      "basicPrice": 9.16,
      "recommendedQuantity": "1.0",
      "measurementUnitPrice": 6.94,
      "measurementUnit": "L",
      "isRedPrice": false,
      "pricePerUOM": 6.94,
      "activationDate": "21-05-2025",
      "recordSource": "Offline",
      "isPromoActive": "N",
      "priceChangeCode": "E",
      "priceReason": "Reaction"
    },
    "isPriceAvailable": true,
    "channelAvailability": [
      "8_BE_STORE",
      "8_LU_STORE",
      "8_BE_COLLECT_NEXT_DAY",
      "8_BE_HOME_DELIVERY_DRIVER"
    ],
    "businessDomain": "RETAIL_BE",
    "walkRouteSequenceNumber": 3962,
    "isAvailable": true,
    "inPromo": false,
    "topCategoryName": "Boissons",
    "topCategoryId": "354",
    "categories": [
      {
        "name": "Boissons",
        "id": "354",
        "children": [
          {
            "name": "Bi\u00e8res",
            "id": "389",
            "children": [
              {
                "name": "Blonde, blonde forte et triple b",
                "id": "394"
              }
            ]
          }
        ]
      }
    ],
    "IsPrivateLabel": false,
    "amount": 1.32,
    "IsBiffe": false,
    "foodPairing": [
      "Ap\u00e9ritif",
      "Barbecue",
      "Fromages doux",
      "Poisson",
      "Veggie",
      "Salade",
      "Viande blanche",
      "Volaille"
    ],
    "IsWeightArticle": false,
    "WeightconversionFactor": "0",
    "IsBio": false,
    "CountryOfOrigin": "BELGIQUE",
    "IsExclusivelySoldInLuxembourg": false,
    "OrderUnit": "P",
    "AlcoholDisclaimermsg": true,
    "ShortName": "BIAM BLOND+FLESOP4X33CL",
    "IsNew": false,
    "amountUnit": "kg",
    "CountryOfOriginISO": "BE",
    "EcoscoreLabel": "D",
    "ShowAlcoholLegalMsg": true,
    "LongName": "BI\u00c8RE DES AMIS Blonde+d\u00e9capsuleur 4x33cl",
    "RecentQuanityOfStockUnits": "1",
    "AlcoholVolume": "5.8",
    "FicCode": "E",
    "EcoscoreValue": "37"
  },
  {
    "technicalArticleNumber": "4753264",
    "commercialArticleNumber": "21513",
    "gtin": [
      "05411551080222",
      "05400141585179"
    ],
    "productId": "892010",
    "name": "7%",
    "description": "*7 % vol",
    "brand": "CUV\u00c9E DES TROLLS",
    "seoBrand": "Cuv\u00e9e Des Trolls",
    "thumbNail": "https://static.colruytgroup.com/images/200x200/std.lang.all/38/14/asset-3543814.jpg",
    "fullImage": "https://static.colruytgroup.com/images/500x500/std.lang.all/38/14/asset-3543814.jpg",
    "squareImage": "https://static.colruytgroup.com/images/500x500sq/std.lang.all/38/14/asset-3543814.jpg",
    "content": "6x33cl",
    "price": {
      "basicPrice": 9.28,
      "recommendedQuantity": "1.0",
      "quantityPrice": 8.91,
      "quantityPriceQuantity": "3.0",
      "measurementUnitPrice": 4.69,
      "measurementUnitQuantityPrice": 4.5,
      "measurementUnit": "L",
      "isRedPrice": false,
      "pricePerUOM": 4.69,
      "activationDate": "31-05-2025",
      "recordSource": "Offline",
      "isPromoActive": "N",
      "priceChangeCode": "H",
      "quantityPricePerUOM": 4.5,
      "quantityActivationDate": "31-05-2025",
      "quantityPriceChangeCode": "H",
      "priceReason": "Reaction"
    },
    "isPriceAvailable": true,
    "channelAvailability": [
      "3_BE_STORE",
      "8_BE_STORE",
      "8_LU_STORE",
      "8_BE_COLLECT_NEXT_DAY",
      "8_BE_HOME_DELIVERY",
      "8_BE_HOME_DELIVERY_DRIVER"
    ],
    "businessDomain": "RETAIL_BE",
    "walkRouteSequenceNumber": 3965,
    "isAvailable": true,
    "inPromo": false,
    "topCategoryName": "Boissons",
    "topCategoryId": "354",
    "categories": [
      {
        "name": "Boissons",
        "id": "354",
        "children": [
          {
            "name": "Bi\u00e8res",
            "id": "389",
            "children": [
              {
                "name": "Blonde, blonde forte et triple b",
                "id": "394"
              }
            ]
          }
        ]
      }
    ],
    "IsPrivateLabel": false,
    "amount": 1.98,
    "IsBiffe": false,
    "foodPairing": [
      "Volaille",
      "Viande rouge",
      "Crustac\u00e9s",
      "Desserts",
      "Fromages forts",
      "Gibier",
      "Poisson",
      "Viande blanche"
    ],
    "IsWeightArticle": false,
    "WeightconversionFactor": "0",
    "IsBio": false,
    "CountryOfOrigin": "BELGIQUE",
    "IsExclusivelySoldInLuxembourg": false,
    "OrderUnit": "P",
    "AlcoholDisclaimermsg": true,
    "ShortName": "CUTR BLONDE 7% 6X33CL",
    "IsNew": false,
    "amountUnit": "kg",
    "CountryOfOriginISO": "BE",
    "EcoscoreLabel": "D",
    "ShowAlcoholLegalMsg": true,
    "LongName": "CUV\u00c9E DES TROLLS 7% 6x33cl",
    "RecentQuanityOfStockUnits": "1",
    "AlcoholVolume": "7",
    "FicCode": "I",
    "DepositValue": [
      0.6
    ],
    "EcoscoreValue": "37"
  },
  {
    "technicalArticleNumber": "2933295",
    "commercialArticleNumber": "38691",
    "gtin": [
      "05400141386912",
      "05400141026450",
      "05411681035017",
      "05411681035000"
    ],
    "productId": "89760",
    "name": "bi\u00e8re abb.blonde 6,5%",
    "description": "*Bi\u00e8re d'abbaye\n*6,5 % vol",
    "brand": "MAREDSOUS",
    "seoBrand": "Maredsous",
    "thumbNail": "https://static.colruytgroup.com/images/200x200/std.lang.all/86/98/asset-2268698.jpg",
    "fullImage": "https://static.colruytgroup.com/images/500x500/std.lang.all/86/98/asset-2268698.jpg",
    "squareImage": "https://static.colruytgroup.com/images/500x500sq/std.lang.all/86/98/asset-2268698.jpg",
    "content": "6x33cl",
    "price": {
      "basicPrice": 9.32,
      "recommendedQuantity": "1.0",
      "quantityPrice": 8.57,
      "quantityPriceQuantity": "3.0",
      "measurementUnitPrice": 4.71,
      "measurementUnitQuantityPrice": 4.33,
      "measurementUnit": "L",
      "isRedPrice": false,
      "pricePerUOM": 4.71,
      "activationDate": "05-06-2025",
      "recordSource": "Folder",
      "isPromoActive": "Y",
      "priceChangeCode": "L",
      "quantityPricePerUOM": 4.33,
      "quantityActivationDate": "05-06-2025",
      "quantityPriceChangeCode": "L",
      "priceReason": "Reaction"
    },
    "isPriceAvailable": true,
    "channelAvailability": [
      "3_BE_STORE",
      "8_BE_STORE",
      "8_LU_STORE",
      "8_BE_COLLECT_NEXT_DAY",
      "8_BE_HOME_DELIVERY",
      "8_BE_HOME_DELIVERY_DRIVER"
    ],
    "businessDomain": "RETAIL_BE",
    "walkRouteSequenceNumber": 3821,
    "isAvailable": true,
    "inPromo": true,
    "promotion": [
      {
        "techPromoId": "101242COLR",
        "promotionId": "101242",
        "promotionType": "3",
        "isPersonalized": "N",
        "publicationStartDate": "04-06-2025",
        "publicationEndDate": "17-06-2025",
        "topPromo": false
      }
    ],
    "topCategoryName": "Boissons",
    "topCategoryId": "354",
    "categories": [
      {
        "name": "Boissons",
        "id": "354",
        "children": [
          {
            "name": "Bi\u00e8res",
            "id": "389",
            "children": [
              {
                "name": "Bi\u00e8re d'Abbaye, Trappiste blonde & amb",
                "id": "391"
              }
            ]
          }
        ]
      }
    ],
    "IsPrivateLabel": false,
    "amount": 1.98,
    "IsBiffe": false,
    "foodPairing": [
      "Volaille",
      "Crustac\u00e9s",
      "Desserts",
      "Fromages forts",
      "Viande rouge",
      "Poisson",
      "Veggie",
      "Viande blanche",
      "Gibier"
    ],
    "IsWeightArticle": false,
    "WeightconversionFactor": "0",
    "IsBio": false,
    "CountryOfOrigin": "BELGIQUE",
    "IsExclusivelySoldInLuxembourg": false,
    "OrderUnit": "P",
    "AlcoholDisclaimermsg": true,
    "ShortName": "MAREDSOUS BLONDE 6X33CL",
    "IsNew": false,
    "amountUnit": "kg",
    "CountryOfOriginISO": "BE",
    "EcoscoreLabel": "B",
    "ShowAlcoholLegalMsg": true,
    "LongName": "MAREDSOUS bi\u00e8re abb.blonde 6,5% 6x33cl",
    "RecentQuanityOfStockUnits": "1,1",
    "AlcoholVolume": "6.5",
    "FicCode": "I",
    "DepositValue": [
      0.6
    ],
    "EcoscoreValue": "72"
  },
  {
    "technicalArticleNumber": "4721810",
    "commercialArticleNumber": "16055",
    "gtin": [
      "05400141801149",
      "05412983329026"
    ],
    "productId": "868828",
    "name": "Triple 10%",
    "description": "*Bi\u00e8re d'abbaye\n*Triple\n*Blonde\n*10% vol",
    "brand": "PAIX DIEU",
    "seoBrand": "Paix Dieu",
    "thumbNail": "https://static.colruytgroup.com/images/200x200/std.lang.all/45/95/asset-3204595.jpg",
    "fullImage": "https://static.colruytgroup.com/images/500x500/std.lang.all/45/95/asset-3204595.jpg",
    "squareImage": "https://static.colruytgroup.com/images/500x500sq/std.lang.all/45/95/asset-3204595.jpg",
    "content": "4x33cl",
    "price": {
      "basicPrice": 9.32,
      "recommendedQuantity": "1.0",
      "quantityPrice": 8.95,
      "quantityPriceQuantity": "3.0",
      "measurementUnitPrice": 7.07,
      "measurementUnitQuantityPrice": 6.79,
      "measurementUnit": "L",
      "isRedPrice": false,
      "pricePerUOM": 7.07,
      "activationDate": "23-04-2025",
      "recordSource": "Offline",
      "isPromoActive": "N",
      "priceChangeCode": "E",
      "quantityPricePerUOM": 6.79,
      "quantityActivationDate": "23-04-2025",
      "quantityPriceChangeCode": "E",
      "priceReason": "Reaction"
    },
    "isPriceAvailable": true,
    "channelAvailability": [
      "3_BE_STORE",
      "8_BE_STORE",
      "8_LU_STORE",
      "8_BE_COLLECT_NEXT_DAY",
      "8_BE_HOME_DELIVERY_DRIVER"
    ],
    "businessDomain": "RETAIL_BE",
    "walkRouteSequenceNumber": 3862,
    "isAvailable": true,
    "inPromo": false,
    "topCategoryName": "Boissons",
    "topCategoryId": "354",
    "categories": [
      {
        "name": "Boissons",
        "id": "354",
        "children": [
          {
            "name": "Bi\u00e8res",
            "id": "389",
            "children": [
              {
                "name": "Bi\u00e8re d'Abbaye, Trappiste blonde & amb",
                "id": "391"
              }
            ]
          }
        ]
      }
    ],
    "IsPrivateLabel": false,
    "amount": 1.32,
    "IsBiffe": false,
    "foodPairing": [
      "P\u00e2tes & pizza",
      "Viande rouge",
      "Poisson",
      "Gibier",
      "Fromages forts",
      "Desserts",
      "Crustac\u00e9s"
    ],
    "IsWeightArticle": false,
    "WeightconversionFactor": "0",
    "IsBio": false,
    "CountryOfOrigin": "BELGIQUE",
    "IsExclusivelySoldInLuxembourg": false,
    "OrderUnit": "P",
    "AlcoholDisclaimermsg": true,
    "ShortName": "PAIX TRIPEL 10% 4X33CL",
    "IsNew": false,
    "amountUnit": "kg",
    "CountryOfOriginISO": "BE",
    "EcoscoreLabel": "D",
    "ShowAlcoholLegalMsg": true,
    "LongName": "PAIX DIEU Triple 10% 4x33cl",
    "RecentQuanityOfStockUnits": "1",
    "AlcoholVolume": "10",
    "FicCode": "E",
    "DepositValue": [
      {
        "source": "2.0",
        "parsedValue": 2
      }
    ],
    "EcoscoreValue": "37"
  },
  {
    "technicalArticleNumber": "4890570",
    "commercialArticleNumber": "1442",
    "gtin": [
      "05400141490886"
    ],
    "productId": "1266647",
    "name": "Vieille Gueuze Cuv.Ren\u00e9",
    "description": "*Gueuze \u00e0 l'ancienne\n*6 % vol",
    "brand": "LINDEMANS",
    "seoBrand": "Lindemans",
    "thumbNail": "https://static.colruytgroup.com/images/200x200/std.lang.all/07/60/asset-3790760.jpg",
    "fullImage": "https://static.colruytgroup.com/images/500x500/std.lang.all/07/60/asset-3790760.jpg",
    "squareImage": "https://static.colruytgroup.com/images/500x500sq/std.lang.all/07/60/asset-3790760.jpg",
    "content": "6x25cl",
    "price": {
      "basicPrice": 9.5,
      "recommendedQuantity": "1.0",
      "quantityPrice": 9.12,
      "quantityPriceQuantity": "3.0",
      "measurementUnitPrice": 6.34,
      "measurementUnitQuantityPrice": 6.08,
      "measurementUnit": "L",
      "isRedPrice": false,
      "pricePerUOM": 6.34,
      "activationDate": "18-03-2025",
      "isPromoActive": "N",
      "priceChangeCode": "E",
      "quantityPricePerUOM": 6.08,
      "quantityActivationDate": "18-03-2025",
      "quantityPriceChangeCode": "E",
      "priceReason": "FALLBACK"
    },
    "isPriceAvailable": true,
    "channelAvailability": [
      "8_BE_STORE",
      "8_BE_COLLECT_NEXT_DAY",
      "8_BE_HOME_DELIVERY",
      "8_BE_HOME_DELIVERY_DRIVER"
    ],
    "businessDomain": "RETAIL_BE",
    "walkRouteSequenceNumber": 3896,
    "isAvailable": true,
    "inPromo": false,
    "topCategoryName": "Boissons",
    "topCategoryId": "354",
    "categories": [
      {
        "name": "Boissons",
        "id": "354",
        "children": [
          {
            "name": "Bi\u00e8res",
            "id": "389",
            "children": [
              {
                "name": "Rouge brune, saison, gueuze, bi\u00e8re ambr",
                "id": "393"
              }
            ]
          }
        ]
      }
    ],
    "IsPrivateLabel": false,
    "amount": 1.5,
    "IsBiffe": false,
    "IsWeightArticle": false,
    "WeightconversionFactor": "0",
    "IsBio": false,
    "CountryOfOrigin": "BELGIQUE",
    "IsExclusivelySoldInLuxembourg": false,
    "OrderUnit": "P",
    "AlcoholDisclaimermsg": true,
    "ShortName": "LIND O.GEUZE RENE6X25CL",
    "IsNew": false,
    "amountUnit": "kg",
    "CountryOfOriginISO": "BE",
    "EcoscoreLabel": "D",
    "ShowAlcoholLegalMsg": true,
    "LongName": "LINDEMANS Vieille Gueuze Cuv.Ren\u00e9 6x25cl",
    "RecentQuanityOfStockUnits": "1",
    "AlcoholVolume": "6",
    "FicCode": "E",
    "DepositValue": [
      0.6
    ],
    "EcoscoreValue": "37"
  },
  {
    "technicalArticleNumber": "1984034",
    "commercialArticleNumber": "5171",
    "gtin": [
      "05400141051711",
      "05410228157441",
      "05410228214021",
      "05410228214038",
      "05410228214052"
    ],
    "productId": "22213",
    "name": "bi\u00e8re abbaye brune 6,5%",
    "description": "*Bi\u00e8re d'abbaye\n*6,5 % vol",
    "brand": "LEFFE",
    "seoBrand": "Leffe",
    "thumbNail": "https://static.colruytgroup.com/images/200x200/std.lang.all/12/13/asset-1701213.jpg",
    "fullImage": "https://static.colruytgroup.com/images/500x500/std.lang.all/12/13/asset-1701213.jpg",
    "squareImage": "https://static.colruytgroup.com/images/500x500sq/std.lang.all/12/13/asset-1701213.jpg",
    "content": "8x33cl",
    "price": {
      "basicPrice": 9.51,
      "recommendedQuantity": "1.0",
      "quantityPrice": 4.94,
      "quantityPriceQuantity": "4.0",
      "measurementUnitPrice": 3.61,
      "measurementUnitQuantityPrice": 1.88,
      "measurementUnit": "L",
      "isRedPrice": false,
      "pricePerUOM": 3.61,
      "activationDate": "05-06-2025",
      "recordSource": "Offline",
      "isPromoActive": "N",
      "priceChangeCode": "E",
      "quantityPricePerUOM": 1.88,
      "quantityActivationDate": "05-06-2025",
      "quantityPriceChangeCode": "E",
      "reactPromoConcurrent": true,
      "priceReason": "Reaction"
    },
    "isPriceAvailable": true,
    "channelAvailability": [
      "8_LU_STORE",
      "3_BE_STORE",
      "8_BE_STORE",
      "8_BE_COLLECT_NEXT_DAY",
      "8_BE_HOME_DELIVERY",
      "8_BE_HOME_DELIVERY_DRIVER"
    ],
    "businessDomain": "RETAIL_BE",
    "walkRouteSequenceNumber": 3803,
    "isAvailable": true,
    "inPromo": false,
    "topCategoryName": "Boissons",
    "topCategoryId": "354",
    "categories": [
      {
        "name": "Boissons",
        "id": "354",
        "children": [
          {
            "name": "Bi\u00e8res",
            "id": "389",
            "children": [
              {
                "name": "Bi\u00e8re d'Abbaye et Trappiste brune",
                "id": "1851"
              }
            ]
          }
        ]
      }
    ],
    "IsPrivateLabel": false,
    "amount": 2.64,
    "IsBiffe": false,
    "foodPairing": [
      "Viande rouge",
      "Viande blanche",
      "Veggie",
      "Gibier",
      "Fromages forts",
      "Desserts"
    ],
    "IsWeightArticle": false,
    "WeightconversionFactor": "0",
    "IsBio": false,
    "CountryOfOrigin": "BELGIQUE",
    "IsExclusivelySoldInLuxembourg": false,
    "OrderUnit": "P",
    "AlcoholDisclaimermsg": true,
    "ShortName": "LEFFE BRUNE 8X33CL",
    "IsNew": false,
    "amountUnit": "kg",
    "CountryOfOriginISO": "BE",
    "ShowAlcoholLegalMsg": true,
    "LongName": "LEFFE bi\u00e8re abbaye brune 6,5% 8x33cl",
    "RecentQuanityOfStockUnits": "3,1",
    "AlcoholVolume": "6.5",
    "FicCode": "I",
    "DepositValue": [
      0.8
    ]
  },
  {
    "technicalArticleNumber": "4892548",
    "commercialArticleNumber": "10245",
    "gtin": [
      "05400141689990"
    ],
    "productId": "1268387",
    "name": "8,5%+verre",
    "description": "*Bi\u00e8re sp\u00e9ciale\n*8,5 % vol",
    "brand": "DELIRIUM TREMENS",
    "seoBrand": "Delirium Tremens",
    "thumbNail": "https://static.colruytgroup.com/images/200x200/std.lang.all/68/85/asset-3816885.jpg",
    "fullImage": "https://static.colruytgroup.com/images/500x500/std.lang.all/68/85/asset-3816885.jpg",
    "squareImage": "https://static.colruytgroup.com/images/500x500sq/std.lang.all/68/85/asset-3816885.jpg",
    "content": "6x33cl",
    "price": {
      "basicPrice": 9.52,
      "recommendedQuantity": "1.0",
      "measurementUnitPrice": 4.81,
      "measurementUnit": "L",
      "isRedPrice": false,
      "pricePerUOM": 4.81,
      "activationDate": "04-06-2025",
      "isPromoActive": "Y",
      "priceChangeCode": "E",
      "priceReason": "Promo"
    },
    "isPriceAvailable": true,
    "channelAvailability": [
      "8_BE_STORE",
      "8_LU_STORE",
      "8_BE_COLLECT_NEXT_DAY",
      "8_BE_HOME_DELIVERY",
      "8_BE_HOME_DELIVERY_DRIVER"
    ],
    "businessDomain": "RETAIL_BE",
    "walkRouteSequenceNumber": 3993,
    "isAvailable": true,
    "inPromo": false,
    "topCategoryName": "Boissons",
    "topCategoryId": "354",
    "categories": [
      {
        "name": "Boissons",
        "id": "354",
        "children": [
          {
            "name": "Bi\u00e8res",
            "id": "389",
            "children": [
              {
                "name": "Bi\u00e8res 75cl, Emballages Cadeaux",
                "id": "1066"
              }
            ]
          }
        ]
      }
    ],
    "IsPrivateLabel": false,
    "amount": 1.98,
    "IsBiffe": false,
    "foodPairing": [
      "Volaille",
      "Viande rouge",
      "Viande blanche",
      "Poisson",
      "Gibier",
      "Fromages forts",
      "Desserts",
      "Crustac\u00e9s"
    ],
    "IsWeightArticle": false,
    "WeightconversionFactor": "0",
    "IsBio": false,
    "CountryOfOrigin": "BELGIQUE",
    "IsExclusivelySoldInLuxembourg": false,
    "OrderUnit": "P",
    "AlcoholDisclaimermsg": true,
    "ShortName": "DELI TREMENS+VERR6X33CL",
    "IsNew": false,
    "amountUnit": "kg",
    "CountryOfOriginISO": "BE",
    "EcoscoreLabel": "D",
    "ShowAlcoholLegalMsg": true,
    "LongName": "DELIRIUM TREMENS 8,5%+verre 6x33cl",
    "RecentQuanityOfStockUnits": "1",
    "AlcoholVolume": "8.5",
    "FicCode": "E",
    "DepositValue": [
      1.8
    ],
    "EcoscoreValue": "37"
  },
  {
    "technicalArticleNumber": "5324",
    "commercialArticleNumber": "5324",
    "gtin": [
      "00000025053241",
      "05400141053241",
      "05412186000098",
      "05412186000616"
    ],
    "productId": "392",
    "name": "Bi\u00e8re blonde8,5%",
    "description": "*Bi\u00e8re sp\u00e9ciale\n*8,5 % vol",
    "brand": "DELIRIUM TREMENS",
    "seoBrand": "Delirium Tremens",
    "thumbNail": "https://static.colruytgroup.com/images/200x200/std.lang.all/17/64/asset-2661764.jpg",
    "fullImage": "https://static.colruytgroup.com/images/500x500/std.lang.all/17/64/asset-2661764.jpg",
    "squareImage": "https://static.colruytgroup.com/images/500x500sq/std.lang.all/17/64/asset-2661764.jpg",
    "content": "6x33cl",
    "price": {
      "basicPrice": 9.52,
      "recommendedQuantity": "1.0",
      "measurementUnitPrice": 4.81,
      "measurementUnit": "L",
      "isRedPrice": false,
      "pricePerUOM": 4.81,
      "activationDate": "04-06-2025",
      "isPromoActive": "N",
      "priceChangeCode": "E",
      "priceReason": "Promo"
    },
    "isPriceAvailable": true,
    "channelAvailability": [
      "8_LU_STORE",
      "8_BE_STORE",
      "8_BE_COLLECT_NEXT_DAY",
      "8_BE_HOME_DELIVERY",
      "8_BE_HOME_DELIVERY_DRIVER"
    ],
    "businessDomain": "RETAIL_BE",
    "walkRouteSequenceNumber": 3992,
    "isAvailable": true,
    "inPromo": false,
    "topCategoryName": "Boissons",
    "topCategoryId": "354",
    "categories": [
      {
        "name": "Boissons",
        "id": "354",
        "children": [
          {
            "name": "Bi\u00e8res",
            "id": "389",
            "children": [
              {
                "name": "Blonde, blonde forte et triple b",
                "id": "394"
              }
            ]
          }
        ]
      }
    ],
    "IsPrivateLabel": false,
    "amount": 1.98,
    "IsBiffe": false,
    "foodPairing": [
      "Volaille",
      "Viande rouge",
      "Viande blanche",
      "Poisson",
      "Gibier",
      "Fromages forts",
      "Desserts",
      "Crustac\u00e9s"
    ],
    "IsWeightArticle": false,
    "WeightconversionFactor": "0",
    "IsBio": false,
    "CountryOfOrigin": "BELGIQUE",
    "IsExclusivelySoldInLuxembourg": false,
    "OrderUnit": "P",
    "AlcoholDisclaimermsg": true,
    "ShortName": "DELIRIUM TREMENS 6X33CL",
    "IsNew": false,
    "amountUnit": "kg",
    "CountryOfOriginISO": "BE",
    "EcoscoreLabel": "D",
    "ShowAlcoholLegalMsg": true,
    "LongName": "DELIRIUM TREMENS Bi\u00e8re blonde8,5% 6x33cl",
    "RecentQuanityOfStockUnits": "1",
    "AlcoholVolume": "8.5",
    "FicCode": "E",
    "DepositValue": [
      1.8
    ],
    "EcoscoreValue": "37"
  },
  {
    "technicalArticleNumber": "4746692",
    "commercialArticleNumber": "32759",
    "gtin": [
      "05415270202774",
      "05400141467321"
    ],
    "productId": "887099",
    "name": "Cr(h)azy IPA 5,5%",
    "brand": "BI\u00c8RE DES AMIS",
    "seoBrand": "Bi\u00e8re des Amis",
    "thumbNail": "https://static.colruytgroup.com/images/200x200/std.lang.all/99/42/asset-3269942.jpg",
    "fullImage": "https://static.colruytgroup.com/images/500x500/std.lang.all/99/42/asset-3269942.jpg",
    "squareImage": "https://static.colruytgroup.com/images/500x500sq/std.lang.all/99/42/asset-3269942.jpg",
    "content": "4x33cl",
    "price": {
      "basicPrice": 9.56,
      "recommendedQuantity": "1.0",
      "measurementUnitPrice": 7.25,
      "measurementUnit": "L",
      "isRedPrice": false,
      "pricePerUOM": 7.25,
      "activationDate": "21-05-2025",
      "recordSource": "Offline",
      "isPromoActive": "N",
      "priceChangeCode": "E",
      "priceReason": "Reaction"
    },
    "isPriceAvailable": true,
    "channelAvailability": [
      "8_BE_STORE",
      "8_LU_STORE",
      "8_BE_COLLECT_NEXT_DAY",
      "8_BE_HOME_DELIVERY",
      "8_BE_HOME_DELIVERY_DRIVER"
    ],
    "businessDomain": "RETAIL_BE",
    "walkRouteSequenceNumber": 3960,
    "isAvailable": true,
    "inPromo": false,
    "topCategoryName": "Boissons",
    "topCategoryId": "354",
    "categories": [
      {
        "name": "Boissons",
        "id": "354",
        "children": [
          {
            "name": "Bi\u00e8res",
            "id": "389",
            "children": [
              {
                "name": "Blonde, blonde forte et triple b",
                "id": "394"
              }
            ]
          }
        ]
      }
    ],
    "IsPrivateLabel": false,
    "amount": 1.32,
    "IsBiffe": false,
    "foodPairing": [
      "P\u00e2tes & pizza",
      "Barbecue",
      "Ap\u00e9ritif",
      "Volaille",
      "Veggie",
      "Salade"
    ],
    "IsWeightArticle": false,
    "WeightconversionFactor": "0",
    "IsBio": false,
    "CountryOfOrigin": "BELGIQUE",
    "IsExclusivelySoldInLuxembourg": false,
    "OrderUnit": "P",
    "AlcoholDisclaimermsg": true,
    "ShortName": "BIAM CRHAZY IPA 4X33CL",
    "IsNew": false,
    "amountUnit": "kg",
    "CountryOfOriginISO": "BE",
    "EcoscoreLabel": "D",
    "ShowAlcoholLegalMsg": true,
    "LongName": "BI\u00c8RE DES AMIS Cr(h)azy IPA 5,5% 4x33cl",
    "RecentQuanityOfStockUnits": "1",
    "AlcoholVolume": "5.5",
    "FicCode": "E",
    "EcoscoreValue": "37"
  },
  {
    "technicalArticleNumber": "4820824",
    "commercialArticleNumber": "24976",
    "gtin": [
      "05400141555394"
    ],
    "productId": "1134502",
    "name": "Sexy Blond+Sous-verres gr.",
    "description": "*Bi\u00e8re blonde\n*8 % vol",
    "brand": "MARTHA",
    "seoBrand": "Martha",
    "thumbNail": "https://static.colruytgroup.com/images/200x200/std.lang.all/10/97/asset-3551097.jpg",
    "fullImage": "https://static.colruytgroup.com/images/500x500/std.lang.all/10/97/asset-3551097.jpg",
    "squareImage": "https://static.colruytgroup.com/images/500x500sq/std.lang.all/10/97/asset-3551097.jpg",
    "content": "6x33cl",
    "price": {
      "basicPrice": 9.57,
      "recommendedQuantity": "1.0",
      "measurementUnitPrice": 4.84,
      "measurementUnit": "L",
      "isRedPrice": false,
      "pricePerUOM": 4.84,
      "activationDate": "07-05-2025",
      "recordSource": "Online",
      "isPromoActive": "N",
      "priceChangeCode": "E",
      "priceReason": "Reaction"
    },
    "isPriceAvailable": true,
    "channelAvailability": [
      "8_BE_STORE",
      "8_BE_COLLECT_NEXT_DAY",
      "8_BE_HOME_DELIVERY",
      "8_BE_HOME_DELIVERY_DRIVER"
    ],
    "businessDomain": "RETAIL_BE",
    "walkRouteSequenceNumber": 3912,
    "isAvailable": true,
    "inPromo": false,
    "topCategoryName": "Boissons",
    "topCategoryId": "354",
    "categories": [
      {
        "name": "Boissons",
        "id": "354",
        "children": [
          {
            "name": "Bi\u00e8res",
            "id": "389",
            "children": [
              {
                "name": "Blonde, blonde forte et triple b",
                "id": "394"
              }
            ]
          }
        ]
      }
    ],
    "IsPrivateLabel": false,
    "amount": 1.98,
    "IsBiffe": false,
    "foodPairing": [
      "Viande rouge",
      "Barbecue",
      "Veggie",
      "P\u00e2tes & pizza",
      "Poisson",
      "Volaille",
      "Gibier",
      "Viande blanche",
      "Crustac\u00e9s",
      "Desserts",
      "Fromages forts"
    ],
    "IsWeightArticle": false,
    "WeightconversionFactor": "0",
    "IsBio": false,
    "CountryOfOrigin": "BELGIQUE",
    "IsExclusivelySoldInLuxembourg": false,
    "OrderUnit": "P",
    "AlcoholDisclaimermsg": true,
    "ShortName": "MART SEXY BL+SS-VER6X33",
    "IsNew": false,
    "amountUnit": "kg",
    "CountryOfOriginISO": "BE",
    "EcoscoreLabel": "D",
    "ShowAlcoholLegalMsg": true,
    "LongName": "MARTHA Sexy Blond+Sous-verres gr. 6x33cl",
    "RecentQuanityOfStockUnits": "1",
    "AlcoholVolume": "8",
    "FicCode": "E",
    "DepositValue": [
      0.6
    ],
    "EcoscoreValue": "37"
  },
  {
    "technicalArticleNumber": "4261881",
    "commercialArticleNumber": "6087",
    "gtin": [
      "05430000716000",
      "05400141396812"
    ],
    "productId": "598123",
    "name": "Sexy Blond 8,0%vol",
    "description": "*Bi\u00e8re blonde\n*8 % vol",
    "brand": "MARTHA",
    "seoBrand": "Martha",
    "thumbNail": "https://static.colruytgroup.com/images/200x200/std.lang.all/34/97/asset-3443497.jpg",
    "fullImage": "https://static.colruytgroup.com/images/500x500/std.lang.all/34/97/asset-3443497.jpg",
    "squareImage": "https://static.colruytgroup.com/images/500x500sq/std.lang.all/34/97/asset-3443497.jpg",
    "content": "6x33cl",
    "price": {
      "basicPrice": 9.57,
      "recommendedQuantity": "1.0",
      "quantityPrice": 9.57,
      "quantityPriceQuantity": "3.0",
      "measurementUnitPrice": 4.84,
      "measurementUnitQuantityPrice": 4.84,
      "measurementUnit": "L",
      "isRedPrice": false,
      "pricePerUOM": 4.84,
      "activationDate": "07-05-2025",
      "recordSource": "Online",
      "isPromoActive": "N",
      "priceChangeCode": "E",
      "quantityPricePerUOM": 4.84,
      "quantityActivationDate": "07-05-2025",
      "quantityPriceChangeCode": "E",
      "priceReason": "Reaction"
    },
    "isPriceAvailable": true,
    "channelAvailability": [
      "8_BE_STORE",
      "8_BE_COLLECT_NEXT_DAY",
      "8_BE_HOME_DELIVERY",
      "8_BE_HOME_DELIVERY_DRIVER"
    ],
    "businessDomain": "RETAIL_BE",
    "walkRouteSequenceNumber": 3911,
    "isAvailable": true,
    "inPromo": false,
    "topCategoryName": "Boissons",
    "topCategoryId": "354",
    "categories": [
      {
        "name": "Boissons",
        "id": "354",
        "children": [
          {
            "name": "Bi\u00e8res",
            "id": "389",
            "children": [
              {
                "name": "Blonde, blonde forte et triple b",
                "id": "394"
              }
            ]
          }
        ]
      }
    ],
    "IsPrivateLabel": false,
    "amount": 1.98,
    "IsBiffe": false,
    "foodPairing": [
      "Desserts",
      "P\u00e2tes & pizza",
      "Veggie",
      "Viande blanche",
      "Gibier",
      "Fromages forts",
      "Poisson",
      "Crustac\u00e9s",
      "Barbecue",
      "Volaille",
      "Viande rouge"
    ],
    "IsWeightArticle": false,
    "WeightconversionFactor": "0",
    "IsBio": false,
    "CountryOfOrigin": "BELGIQUE",
    "IsExclusivelySoldInLuxembourg": false,
    "OrderUnit": "P",
    "AlcoholDisclaimermsg": true,
    "ShortName": "MART SEXY BLOND 6X33CL",
    "IsNew": false,
    "amountUnit": "kg",
    "CountryOfOriginISO": "BE",
    "EcoscoreLabel": "D",
    "ShowAlcoholLegalMsg": true,
    "LongName": "MARTHA Sexy Blond 8,0%vol 6x33cl",
    "RecentQuanityOfStockUnits": "1",
    "AlcoholVolume": "8",
    "FicCode": "E",
    "DepositValue": [
      0.6
    ],
    "EcoscoreValue": "37"
  },
  {
    "technicalArticleNumber": "3143118",
    "commercialArticleNumber": "31753",
    "gtin": [
      "05400141123210",
      "15411223030088"
    ],
    "productId": "138172",
    "name": "bi\u00e8re kriek 3,5%",
    "description": "*Bi\u00e8re fruit\u00e9e\n*3,5 % vol\n*Go\u00fbt: cerise",
    "brand": "LINDEMANS",
    "seoBrand": "Lindemans",
    "thumbNail": "https://static.colruytgroup.com/images/200x200/std.lang.all/32/84/asset-3843284.jpg",
    "fullImage": "https://static.colruytgroup.com/images/500x500/std.lang.all/32/84/asset-3843284.jpg",
    "squareImage": "https://static.colruytgroup.com/images/500x500sq/std.lang.all/32/84/asset-3843284.jpg",
    "content": "8x25cl",
    "price": {
      "basicPrice": 9.58,
      "recommendedQuantity": "1.0",
      "measurementUnitPrice": 4.79,
      "measurementUnit": "L",
      "isRedPrice": false,
      "pricePerUOM": 4.79,
      "activationDate": "21-05-2025",
      "recordSource": "Offline",
      "isPromoActive": "N",
      "priceChangeCode": "H",
      "priceReason": "Reaction"
    },
    "isPriceAvailable": true,
    "channelAvailability": [
      "3_BE_STORE",
      "8_BE_STORE",
      "8_LU_STORE",
      "8_BE_COLLECT_NEXT_DAY",
      "8_BE_HOME_DELIVERY",
      "8_BE_HOME_DELIVERY_DRIVER"
    ],
    "businessDomain": "RETAIL_BE",
    "walkRouteSequenceNumber": 4053,
    "isAvailable": true,
    "inPromo": false,
    "topCategoryName": "Boissons",
    "topCategoryId": "354",
    "categories": [
      {
        "name": "Boissons",
        "id": "354",
        "children": [
          {
            "name": "Bi\u00e8res",
            "id": "389",
            "children": [
              {
                "name": "Bi\u00e8re blanche, bi\u00e8re aux fruits et bi",
                "id": "395"
              }
            ]
          }
        ]
      }
    ],
    "IsPrivateLabel": false,
    "amount": {
      "source": "2.0",
      "parsedValue": 2
    },
    "IsBiffe": false,
    "foodPairing": [
      "Ap\u00e9ritif",
      "Desserts",
      "Gibier",
      "Poisson",
      "Salade",
      "Volaille"
    ],
    "IsWeightArticle": false,
    "WeightconversionFactor": "0",
    "IsBio": false,
    "CountryOfOrigin": "BELGIQUE",
    "IsExclusivelySoldInLuxembourg": false,
    "OrderUnit": "P",
    "AlcoholDisclaimermsg": true,
    "ShortName": "LINDEMANS KRIEK 8X25CL",
    "IsNew": false,
    "amountUnit": "kg",
    "CountryOfOriginISO": "BE",
    "EcoscoreLabel": "D",
    "ShowAlcoholLegalMsg": true,
    "LongName": "LINDEMANS bi\u00e8re kriek 3,5% 8x25cl",
    "RecentQuanityOfStockUnits": "1",
    "AlcoholVolume": "3.5",
    "FicCode": "I",
    "DepositValue": [
      0.8
    ],
    "EcoscoreValue": "37"
  },
  {
    "technicalArticleNumber": "2931678",
    "commercialArticleNumber": "38553",
    "gtin": [
      "05400141026481",
      "05411686700118",
      "05411686700170"
    ],
    "productId": "85965",
    "name": "Fruitesse 3,8%",
    "description": "*Bi\u00e8re fruit\u00e9e\n*3,8 % vol",
    "brand": "LIEFMANS",
    "seoBrand": "Liefmans",
    "thumbNail": "https://static.colruytgroup.com/images/200x200/std.lang.all/82/04/asset-3818204.jpg",
    "fullImage": "https://static.colruytgroup.com/images/500x500/std.lang.all/82/04/asset-3818204.jpg",
    "squareImage": "https://static.colruytgroup.com/images/500x500sq/std.lang.all/82/04/asset-3818204.jpg",
    "content": "8x25cl",
    "price": {
      "basicPrice": 9.58,
      "recommendedQuantity": "1.0",
      "measurementUnitPrice": 4.79,
      "measurementUnit": "L",
      "isRedPrice": false,
      "pricePerUOM": 4.79,
      "activationDate": "04-06-2025",
      "recordSource": "Offline",
      "isPromoActive": "N",
      "priceChangeCode": "E",
      "priceReason": "Reaction"
    },
    "isPriceAvailable": true,
    "channelAvailability": [
      "8_LU_STORE",
      "8_BE_STORE",
      "8_BE_COLLECT_NEXT_DAY",
      "8_BE_HOME_DELIVERY",
      "8_BE_HOME_DELIVERY_DRIVER"
    ],
    "businessDomain": "RETAIL_BE",
    "walkRouteSequenceNumber": 4064,
    "isAvailable": true,
    "inPromo": false,
    "topCategoryName": "Boissons",
    "topCategoryId": "354",
    "categories": [
      {
        "name": "Boissons",
        "id": "354",
        "children": [
          {
            "name": "Bi\u00e8res",
            "id": "389",
            "children": [
              {
                "name": "Bi\u00e8re blanche, bi\u00e8re aux fruits et bi",
                "id": "395"
              }
            ]
          }
        ]
      }
    ],
    "IsPrivateLabel": false,
    "amount": {
      "source": "2.0",
      "parsedValue": 2
    },
    "IsBiffe": false,
    "foodPairing": [
      "Volaille",
      "Salade",
      "Poisson",
      "Gibier",
      "Desserts",
      "Ap\u00e9ritif"
    ],
    "IsWeightArticle": false,
    "WeightconversionFactor": "0",
    "IsBio": false,
    "CountryOfOrigin": "BELGIQUE",
    "IsExclusivelySoldInLuxembourg": false,
    "OrderUnit": "P",
    "AlcoholDisclaimermsg": true,
    "ShortName": "LIEFMANS FRUITES 8X25CL",
    "IsNew": false,
    "amountUnit": "kg",
    "CountryOfOriginISO": "BE",
    "EcoscoreLabel": "D",
    "ShowAlcoholLegalMsg": true,
    "LongName": "LIEFMANS Fruitesse 3,8% 8x25cl",
    "RecentQuanityOfStockUnits": "1",
    "AlcoholVolume": "3.8",
    "FicCode": "I",
    "DepositValue": [
      0.8
    ],
    "EcoscoreValue": "37"
  },
  {
    "technicalArticleNumber": "3482752",
    "commercialArticleNumber": "11801",
    "gtin": [
      "05412583240370",
      "05400141394405"
    ],
    "productId": "220174",
    "name": "bi\u00e8re abbaye Pater 5,5%",
    "description": "*Bi\u00e8re d'abbaye\n*5,5 % vol\n*Referment. en bout.",
    "brand": "ENAME",
    "seoBrand": "Ename",
    "thumbNail": "https://static.colruytgroup.com/images/200x200/std.lang.all/05/93/asset-3330593.jpg",
    "fullImage": "https://static.colruytgroup.com/images/500x500/std.lang.all/05/93/asset-3330593.jpg",
    "squareImage": "https://static.colruytgroup.com/images/500x500sq/std.lang.all/05/93/asset-3330593.jpg",
    "content": "6x33cl",
    "price": {
      "basicPrice": 9.67,
      "recommendedQuantity": "1.0",
      "quantityPrice": 8.9,
      "quantityPriceQuantity": "3.0",
      "measurementUnitPrice": 4.89,
      "measurementUnitQuantityPrice": 4.5,
      "measurementUnit": "L",
      "isRedPrice": false,
      "pricePerUOM": 4.89,
      "activationDate": "07-05-2025",
      "recordSource": "Online",
      "isPromoActive": "N",
      "priceChangeCode": "E",
      "quantityPricePerUOM": 4.5,
      "quantityActivationDate": "07-05-2025",
      "quantityPriceChangeCode": "E",
      "priceReason": "Reaction"
    },
    "isPriceAvailable": true,
    "channelAvailability": [
      "8_BE_STORE",
      "8_BE_COLLECT_NEXT_DAY",
      "8_BE_HOME_DELIVERY_DRIVER"
    ],
    "businessDomain": "RETAIL_BE",
    "walkRouteSequenceNumber": 3864,
    "isAvailable": true,
    "inPromo": true,
    "promotion": [
      {
        "techPromoId": "101244COLR",
        "promotionId": "101244",
        "promotionType": "3",
        "isPersonalized": "N",
        "publicationStartDate": "04-06-2025",
        "publicationEndDate": "17-06-2025",
        "topPromo": false
      }
    ],
    "topCategoryName": "Boissons",
    "topCategoryId": "354",
    "categories": [
      {
        "name": "Boissons",
        "id": "354",
        "children": [
          {
            "name": "Bi\u00e8res",
            "id": "389",
            "children": [
              {
                "name": "Bi\u00e8re d'Abbaye, Trappiste blonde & amb",
                "id": "391"
              }
            ]
          }
        ]
      }
    ],
    "IsPrivateLabel": false,
    "amount": 1.98,
    "IsBiffe": false,
    "foodPairing": [
      "Volaille",
      "Viande rouge",
      "Viande blanche",
      "Veggie",
      "Crustac\u00e9s",
      "Gibier",
      "Fromages forts",
      "Desserts",
      "Poisson"
    ],
    "IsWeightArticle": false,
    "WeightconversionFactor": "0",
    "IsBio": false,
    "CountryOfOrigin": "BELGIQUE",
    "IsExclusivelySoldInLuxembourg": false,
    "OrderUnit": "P",
    "AlcoholDisclaimermsg": true,
    "ShortName": "ENAME PATER 6X33CL",
    "IsNew": false,
    "amountUnit": "kg",
    "CountryOfOriginISO": "BE",
    "EcoscoreLabel": "B",
    "ShowAlcoholLegalMsg": true,
    "LongName": "ENAME bi\u00e8re abbaye Pater 5,5% 6x33cl",
    "RecentQuanityOfStockUnits": "1",
    "AlcoholVolume": "5.5",
    "FicCode": "E",
    "DepositValue": [
      0.6
    ],
    "EcoscoreValue": "72"
  },
  {
    "technicalArticleNumber": "2933551",
    "commercialArticleNumber": "38692",
    "gtin": [
      "05410769100081",
      "05400141026474"
    ],
    "productId": "89782",
    "name": "bi\u00e8re blonde 8%",
    "description": "*Bi\u00e8re blonde forte\n*8 % vol",
    "brand": "CHOUFFE",
    "seoBrand": "La Chouffe",
    "thumbNail": "https://static.colruytgroup.com/images/200x200/std.lang.all/32/83/asset-3843283.jpg",
    "fullImage": "https://static.colruytgroup.com/images/500x500/std.lang.all/32/83/asset-3843283.jpg",
    "squareImage": "https://static.colruytgroup.com/images/500x500sq/std.lang.all/32/83/asset-3843283.jpg",
    "content": "6x33cl",
    "price": {
      "basicPrice": 9.73,
      "recommendedQuantity": "1.0",
      "measurementUnitPrice": 4.92,
      "measurementUnit": "L",
      "isRedPrice": false,
      "pricePerUOM": 4.92,
      "activationDate": "12-05-2025",
      "recordSource": "Offline",
      "isPromoActive": "N",
      "priceChangeCode": "H",
      "priceReason": "Reaction"
    },
    "isPriceAvailable": true,
    "channelAvailability": [
      "3_BE_STORE",
      "8_BE_STORE",
      "8_LU_STORE",
      "8_BE_COLLECT_NEXT_DAY",
      "8_BE_HOME_DELIVERY",
      "8_BE_HOME_DELIVERY_DRIVER"
    ],
    "businessDomain": "RETAIL_BE",
    "walkRouteSequenceNumber": 3938,
    "isAvailable": true,
    "inPromo": false,
    "topCategoryName": "Boissons",
    "topCategoryId": "354",
    "categories": [
      {
        "name": "Boissons",
        "id": "354",
        "children": [
          {
            "name": "Bi\u00e8res",
            "id": "389",
            "children": [
              {
                "name": "Blonde, blonde forte et triple b",
                "id": "394"
              }
            ]
          }
        ]
      }
    ],
    "IsPrivateLabel": false,
    "amount": 1.98,
    "IsBiffe": false,
    "foodPairing": [
      "Salade",
      "Veggie",
      "Viande blanche",
      "Viande rouge",
      "Volaille",
      "Ap\u00e9ritif",
      "Barbecue",
      "Crustac\u00e9s",
      "Fromages doux",
      "P\u00e2tes & pizza",
      "Poisson"
    ],
    "IsWeightArticle": false,
    "WeightconversionFactor": "0",
    "IsBio": false,
    "CountryOfOrigin": "BELGIQUE",
    "IsExclusivelySoldInLuxembourg": false,
    "OrderUnit": "P",
    "AlcoholDisclaimermsg": true,
    "ShortName": "LA CHOUFFE BLONDE6X33CL",
    "IsNew": false,
    "amountUnit": "kg",
    "CountryOfOriginISO": "BE",
    "EcoscoreLabel": "D",
    "ShowAlcoholLegalMsg": true,
    "LongName": "CHOUFFE bi\u00e8re blonde 8% 6x33cl",
    "RecentQuanityOfStockUnits": "1",
    "AlcoholVolume": "8",
    "FicCode": "I",
    "DepositValue": [
      0.6
    ],
    "EcoscoreValue": "37"
  },
  {
    "technicalArticleNumber": "3602708",
    "commercialArticleNumber": "18591",
    "gtin": [
      "05400141099577",
      "05411858001760"
    ],
    "productId": "252301",
    "name": "bi\u00e8re blonde 8,8%",
    "description": "*8,8 % vol\n*Referment. en bout.",
    "brand": "TRIPEL LEFORT",
    "seoBrand": "Tripel Lefort",
    "thumbNail": "https://static.colruytgroup.com/images/200x200/std.lang.all/71/37/asset-2637137.jpg",
    "fullImage": "https://static.colruytgroup.com/images/500x500/std.lang.all/71/37/asset-2637137.jpg",
    "squareImage": "https://static.colruytgroup.com/images/500x500sq/std.lang.all/71/37/asset-2637137.jpg",
    "content": "6x33cl",
    "price": {
      "basicPrice": 9.73,
      "recommendedQuantity": "1.0",
      "measurementUnitPrice": 4.92,
      "measurementUnit": "L",
      "isRedPrice": false,
      "pricePerUOM": 4.92,
      "activationDate": "04-06-2025",
      "recordSource": "Offline",
      "isPromoActive": "N",
      "priceChangeCode": "E",
      "priceReason": "Reaction"
    },
    "isPriceAvailable": true,
    "channelAvailability": [
      "8_BE_STORE",
      "8_LU_STORE",
      "8_BE_COLLECT_NEXT_DAY",
      "8_BE_HOME_DELIVERY",
      "8_BE_HOME_DELIVERY_DRIVER"
    ],
    "businessDomain": "RETAIL_BE",
    "walkRouteSequenceNumber": 3997,
    "isAvailable": true,
    "inPromo": false,
    "topCategoryName": "Boissons",
    "topCategoryId": "354",
    "categories": [
      {
        "name": "Boissons",
        "id": "354",
        "children": [
          {
            "name": "Bi\u00e8res",
            "id": "389",
            "children": [
              {
                "name": "Blonde, blonde forte et triple b",
                "id": "394"
              }
            ]
          }
        ]
      }
    ],
    "IsPrivateLabel": false,
    "amount": 1.98,
    "IsBiffe": false,
    "foodPairing": [
      "Volaille",
      "Viande rouge",
      "Viande blanche",
      "Poisson",
      "Gibier",
      "Fromages forts",
      "Desserts",
      "Crustac\u00e9s"
    ],
    "IsWeightArticle": false,
    "WeightconversionFactor": "0",
    "IsBio": false,
    "CountryOfOrigin": "BELGIQUE",
    "IsExclusivelySoldInLuxembourg": false,
    "OrderUnit": "P",
    "AlcoholDisclaimermsg": true,
    "ShortName": "LEFO TRIPEL 6X33CL",
    "IsNew": false,
    "amountUnit": "kg",
    "CountryOfOriginISO": "BE",
    "EcoscoreLabel": "B",
    "ShowAlcoholLegalMsg": true,
    "LongName": "TRIPEL LEFORT bi\u00e8re blonde 8,8% 6x33cl",
    "RecentQuanityOfStockUnits": "1",
    "AlcoholVolume": "8.8",
    "FicCode": "E",
    "DepositValue": [
      0.6
    ],
    "EcoscoreValue": "71"
  },
  {
    "technicalArticleNumber": "4109096",
    "commercialArticleNumber": "8706",
    "gtin": [
      "05410228259558",
      "05410228259541"
    ],
    "productId": "523244",
    "name": "bi\u00e8re abbaye Ruby 5%",
    "description": "*Bi\u00e8re d'abbaye\n*Rouge\n*5 % vol\n*Haute fermentation",
    "brand": "LEFFE",
    "seoBrand": "Leffe Ruby",
    "thumbNail": "https://static.colruytgroup.com/images/200x200/std.lang.all/33/98/asset-1953398.jpg",
    "fullImage": "https://static.colruytgroup.com/images/500x500/std.lang.all/33/98/asset-1953398.jpg",
    "squareImage": "https://static.colruytgroup.com/images/500x500sq/std.lang.all/33/98/asset-1953398.jpg",
    "content": "8x33cl",
    "price": {
      "basicPrice": 9.89,
      "recommendedQuantity": "1.0",
      "quantityPrice": 4.94,
      "quantityPriceQuantity": "4.0",
      "measurementUnitPrice": 3.75,
      "measurementUnitQuantityPrice": 1.88,
      "measurementUnit": "L",
      "isRedPrice": false,
      "pricePerUOM": 3.75,
      "activationDate": "05-06-2025",
      "recordSource": "Offline",
      "isPromoActive": "N",
      "priceChangeCode": "L",
      "quantityPricePerUOM": 1.88,
      "quantityActivationDate": "05-06-2025",
      "quantityPriceChangeCode": "E",
      "priceReason": "Reaction"
    },
    "isPriceAvailable": true,
    "channelAvailability": [
      "8_BE_STORE",
      "8_LU_STORE",
      "8_BE_COLLECT_NEXT_DAY",
      "8_BE_HOME_DELIVERY",
      "8_BE_HOME_DELIVERY_DRIVER"
    ],
    "businessDomain": "RETAIL_BE",
    "walkRouteSequenceNumber": 4055,
    "isAvailable": true,
    "inPromo": false,
    "topCategoryName": "Boissons",
    "topCategoryId": "354",
    "categories": [
      {
        "name": "Boissons",
        "id": "354",
        "children": [
          {
            "name": "Bi\u00e8res",
            "id": "389",
            "children": [
              {
                "name": "Bi\u00e8re d'Abbaye, Trappiste blonde & amb",
                "id": "391"
              }
            ]
          }
        ]
      }
    ],
    "IsPrivateLabel": false,
    "amount": 2.64,
    "IsBiffe": false,
    "foodPairing": [
      "Salade",
      "Desserts",
      "Viande rouge",
      "Ap\u00e9ritif",
      "Gibier",
      "Fromages doux"
    ],
    "IsWeightArticle": false,
    "WeightconversionFactor": "0",
    "IsBio": false,
    "CountryOfOrigin": "BELGIQUE",
    "IsExclusivelySoldInLuxembourg": false,
    "OrderUnit": "P",
    "AlcoholDisclaimermsg": true,
    "InSeason": true,
    "ShortName": "LEFF RUBY 8X33CL",
    "IsNew": false,
    "amountUnit": "kg",
    "CountryOfOriginISO": "BE",
    "ShowAlcoholLegalMsg": true,
    "LongName": "LEFFE bi\u00e8re abbaye Ruby 5% 8x33cl",
    "RecentQuanityOfStockUnits": "1,3",
    "AlcoholVolume": "5",
    "StartSeasonDate": "12/02/2025",
    "FicCode": "I",
    "DepositValue": [
      0.8
    ]
  },
  {
    "technicalArticleNumber": "1789294",
    "commercialArticleNumber": "6951",
    "gtin": [
      "00000025069518",
      "05400141069518",
      "05425017240075"
    ],
    "productId": "39226",
    "name": "bi\u00e8re double 7,5%",
    "description": "*Bi\u00e8re sp\u00e9ciale\n*7,5 % vol\n*Referment. en bout.",
    "brand": "BRUGSE ZOT",
    "seoBrand": "Brugse Zot",
    "thumbNail": "https://static.colruytgroup.com/images/200x200/std.lang.all/89/29/asset-378929.jpg",
    "fullImage": "https://static.colruytgroup.com/images/500x500/std.lang.all/89/29/asset-378929.jpg",
    "squareImage": "https://static.colruytgroup.com/images/500x500sq/std.lang.all/89/29/asset-378929.jpg",
    "content": "6x33cl",
    "price": {
      "basicPrice": 9.9,
      "recommendedQuantity": "1.0",
      "measurementUnitPrice": {
        "source": "5.0",
        "parsedValue": 5
      },
      "measurementUnit": "L",
      "isRedPrice": false,
      "pricePerUOM": {
        "source": "5.0",
        "parsedValue": 5
      },
      "activationDate": "07-05-2025",
      "recordSource": "Online",
      "isPromoActive": "N",
      "priceChangeCode": "E",
      "priceReason": "Reaction"
    },
    "isPriceAvailable": true,
    "channelAvailability": [
      "8_BE_STORE",
      "8_BE_COLLECT_NEXT_DAY",
      "8_BE_HOME_DELIVERY_DRIVER"
    ],
    "businessDomain": "RETAIL_BE",
    "walkRouteSequenceNumber": 3877,
    "isAvailable": true,
    "inPromo": false,
    "topCategoryName": "Boissons",
    "topCategoryId": "354",
    "categories": [
      {
        "name": "Boissons",
        "id": "354",
        "children": [
          {
            "name": "Bi\u00e8res",
            "id": "389",
            "children": [
              {
                "name": "Bi\u00e8re brune et forte",
                "id": "1848"
              }
            ]
          }
        ]
      }
    ],
    "IsPrivateLabel": false,
    "amount": 1.98,
    "IsBiffe": false,
    "foodPairing": [
      "Fromages forts",
      "Gibier",
      "Viande rouge",
      "Desserts"
    ],
    "IsWeightArticle": false,
    "WeightconversionFactor": "0",
    "IsBio": false,
    "CountryOfOrigin": "BELGIQUE",
    "IsExclusivelySoldInLuxembourg": false,
    "OrderUnit": "P",
    "AlcoholDisclaimermsg": true,
    "ShortName": "BRUG ZOT DOUBLE 6X33",
    "IsNew": false,
    "amountUnit": "kg",
    "CountryOfOriginISO": "BE",
    "EcoscoreLabel": "D",
    "ShowAlcoholLegalMsg": true,
    "LongName": "BRUGSE ZOT bi\u00e8re double 7,5% 6x33cl",
    "RecentQuanityOfStockUnits": "1",
    "AlcoholVolume": "7.5",
    "FicCode": "E",
    "DepositValue": [
      0.6
    ],
    "EcoscoreValue": "37"
  },
  {
    "technicalArticleNumber": "3974978",
    "commercialArticleNumber": "3475",
    "gtin": [
      "05400141107609",
      "05425017241683"
    ],
    "productId": "429265",
    "name": "Bi\u00e8re sans alcool 0,4%",
    "brand": "SPORTZOT",
    "seoBrand": "Sportzot",
    "thumbNail": "https://static.colruytgroup.com/images/200x200/std.lang.all/52/20/asset-2685220.jpg",
    "fullImage": "https://static.colruytgroup.com/images/500x500/std.lang.all/52/20/asset-2685220.jpg",
    "squareImage": "https://static.colruytgroup.com/images/500x500sq/std.lang.all/52/20/asset-2685220.jpg",
    "content": "6x33cl",
    "price": {
      "basicPrice": 9.9,
      "recommendedQuantity": "1.0",
      "measurementUnitPrice": {
        "source": "5.0",
        "parsedValue": 5
      },
      "measurementUnit": "L",
      "isRedPrice": false,
      "pricePerUOM": {
        "source": "5.0",
        "parsedValue": 5
      },
      "activationDate": "21-05-2025",
      "recordSource": "Offline",
      "isPromoActive": "N",
      "priceChangeCode": "E",
      "priceReason": "Reaction"
    },
    "isPriceAvailable": true,
    "channelAvailability": [
      "8_BE_STORE",
      "8_LU_STORE",
      "8_BE_COLLECT_NEXT_DAY",
      "8_BE_HOME_DELIVERY",
      "8_BE_HOME_DELIVERY_DRIVER"
    ],
    "businessDomain": "RETAIL_BE",
    "walkRouteSequenceNumber": 4150,
    "isAvailable": true,
    "inPromo": false,
    "topCategoryName": "Boissons",
    "topCategoryId": "354",
    "categories": [
      {
        "name": "Boissons",
        "id": "354",
        "children": [
          {
            "name": "Bi\u00e8res",
            "id": "389",
            "children": [
              {
                "name": "Bi\u00e8res sans alcool",
                "id": "398"
              }
            ]
          }
        ]
      }
    ],
    "IsPrivateLabel": false,
    "amount": 1.98,
    "IsBiffe": false,
    "foodPairing": [
      "Poisson",
      "Volaille",
      "Ap\u00e9ritif",
      "Veggie",
      "Salade",
      "P\u00e2tes & pizza",
      "Viande blanche",
      "Fromages doux",
      "Crustac\u00e9s",
      "Barbecue"
    ],
    "IsWeightArticle": false,
    "WeightconversionFactor": "0",
    "nutriscoreLabel": "C",
    "IsBio": false,
    "CountryOfOrigin": "BELGIQUE",
    "IsExclusivelySoldInLuxembourg": false,
    "OrderUnit": "P",
    "AlcoholDisclaimermsg": false,
    "ShortName": "SPOR BIERE 0.4% 6X33CL",
    "IsNew": false,
    "amountUnit": "kg",
    "CountryOfOriginISO": "BE",
    "EcoscoreLabel": "B",
    "ShowAlcoholLegalMsg": false,
    "LongName": "SPORTZOT Bi\u00e8re sans alcool 0,4% 6x33cl",
    "RecentQuanityOfStockUnits": "1",
    "AlcoholVolume": "0.4",
    "FicCode": "E",
    "DepositValue": [
      0.6
    ],
    "EcoscoreValue": "69"
  },
  {
    "technicalArticleNumber": "4886879",
    "commercialArticleNumber": "39268",
    "gtin": [
      "00875213000945",
      "00875213000938"
    ],
    "productId": "1263908",
    "name": "Giftpack 6,6%+verre",
    "description": "*Bi\u00e8re blonde\n*6,6% vol\n*Avec verre",
    "brand": "KWAREMONT",
    "seoBrand": "Kwaremont",
    "thumbNail": "https://static.colruytgroup.com/images/200x200/std.lang.all/96/51/asset-3769651.jpg",
    "fullImage": "https://static.colruytgroup.com/images/500x500/std.lang.all/96/51/asset-3769651.jpg",
    "squareImage": "https://static.colruytgroup.com/images/500x500sq/std.lang.all/96/51/asset-3769651.jpg",
    "content": "4x33cl",
    "price": {
      "basicPrice": 9.9,
      "recommendedQuantity": "1.0",
      "measurementUnitPrice": 7.5,
      "measurementUnit": "L",
      "isRedPrice": true,
      "redPriceReason": "Promo",
      "referencePrice": 9.99,
      "retentionPeriod": 30,
      "pricePerUOM": 7.5,
      "activationDate": "04-06-2025",
      "isPromoActive": "Y",
      "priceChangeCode": "L",
      "priceReason": "Promo"
    },
    "isPriceAvailable": true,
    "channelAvailability": [
      "8_BE_STORE",
      "8_BE_COLLECT_NEXT_DAY",
      "8_BE_HOME_DELIVERY_DRIVER"
    ],
    "businessDomain": "RETAIL_BE",
    "walkRouteSequenceNumber": 4093,
    "isAvailable": true,
    "inPromo": false,
    "topCategoryName": "Boissons",
    "topCategoryId": "354",
    "categories": [
      {
        "name": "Boissons",
        "id": "354",
        "children": [
          {
            "name": "Bi\u00e8res",
            "id": "389",
            "children": [
              {
                "name": "Bi\u00e8res 75cl, Emballages Cadeaux",
                "id": "1066"
              }
            ]
          }
        ]
      }
    ],
    "IsPrivateLabel": false,
    "amount": 1.32,
    "IsBiffe": false,
    "foodPairing": [
      "Volaille",
      "Veggie",
      "Salade",
      "P\u00e2tes & pizza",
      "Fromages doux",
      "Desserts",
      "Crustac\u00e9s",
      "Barbecue"
    ],
    "IsWeightArticle": false,
    "WeightconversionFactor": "0",
    "IsBio": false,
    "CountryOfOrigin": "BELGIQUE",
    "IsExclusivelySoldInLuxembourg": false,
    "OrderUnit": "P",
    "AlcoholDisclaimermsg": true,
    "ShortName": "KWAR GIFTP+VERRE 4X33CL",
    "IsNew": false,
    "amountUnit": "kg",
    "CountryOfOriginISO": "BE",
    "EcoscoreLabel": "D",
    "ShowAlcoholLegalMsg": true,
    "LongName": "KWAREMONT Giftpack 6,6%+verre 4x33cl",
    "RecentQuanityOfStockUnits": "1",
    "AlcoholVolume": "6.6",
    "FicCode": "E",
    "DepositValue": [
      0.4
    ],
    "EcoscoreValue": "37"
  },
  {
    "technicalArticleNumber": "4867851",
    "commercialArticleNumber": "8122",
    "gtin": [
      "05410908100118",
      "05400141637748"
    ],
    "productId": "1250325",
    "name": "Trappiste 150 10%",
    "description": "*Bi\u00e8re trappiste\n*Blonde forte\n*10% vol",
    "brand": "CHIMAY",
    "seoBrand": "Chimay",
    "thumbNail": "https://static.colruytgroup.com/images/200x200/std.lang.all/59/86/asset-3715986.jpg",
    "fullImage": "https://static.colruytgroup.com/images/500x500/std.lang.all/59/86/asset-3715986.jpg",
    "squareImage": "https://static.colruytgroup.com/images/500x500sq/std.lang.all/59/86/asset-3715986.jpg",
    "content": "4x33cl",
    "price": {
      "basicPrice": 9.95,
      "recommendedQuantity": "1.0",
      "measurementUnitPrice": 7.54,
      "measurementUnit": "L",
      "isRedPrice": false,
      "pricePerUOM": 7.54,
      "activationDate": "07-05-2025",
      "recordSource": "Offline",
      "isPromoActive": "N",
      "priceChangeCode": "H",
      "priceReason": "Reaction"
    },
    "isPriceAvailable": true,
    "channelAvailability": [
      "8_BE_STORE",
      "8_BE_COLLECT_NEXT_DAY",
      "8_BE_HOME_DELIVERY",
      "8_BE_HOME_DELIVERY_DRIVER"
    ],
    "businessDomain": "RETAIL_BE",
    "walkRouteSequenceNumber": 3840,
    "isAvailable": true,
    "inPromo": false,
    "topCategoryName": "Boissons",
    "topCategoryId": "354",
    "categories": [
      {
        "name": "Boissons",
        "id": "354",
        "children": [
          {
            "name": "Bi\u00e8res",
            "id": "389",
            "children": [
              {
                "name": "Bi\u00e8re d'Abbaye, Trappiste blonde & amb",
                "id": "391"
              }
            ]
          }
        ]
      }
    ],
    "IsPrivateLabel": false,
    "amount": 1.32,
    "IsBiffe": false,
    "foodPairing": [
      "Viande rouge",
      "Fromages forts",
      "Fromages doux",
      "Ap\u00e9ritif"
    ],
    "IsWeightArticle": false,
    "WeightconversionFactor": "0",
    "IsBio": false,
    "CountryOfOrigin": "BELGIQUE",
    "IsExclusivelySoldInLuxembourg": false,
    "OrderUnit": "P",
    "AlcoholDisclaimermsg": true,
    "ShortName": "CHIM 150 10% 4X33CL",
    "IsNew": false,
    "amountUnit": "kg",
    "CountryOfOriginISO": "BE",
    "ShowAlcoholLegalMsg": true,
    "LongName": "CHIMAY Trappiste 150 10% 4x33cl",
    "RecentQuanityOfStockUnits": "1",
    "AlcoholVolume": "10",
    "FicCode": "E",
    "DepositValue": [
      0.4
    ]
  },
  {
    "technicalArticleNumber": "4731560",
    "commercialArticleNumber": "3357",
    "gtin": [
      "05411686702174",
      "05411686702624"
    ],
    "productId": "876359",
    "name": "Kriek Brut Rosa Lim.Ed. 7%",
    "description": "*Bi\u00e8re fruit\u00e9e\n*7% vol\n*\u00c9dition limit\u00e9e",
    "brand": "LIEFMANS",
    "seoBrand": "Liefmans",
    "thumbNail": "https://static.colruytgroup.com/images/200x200/std.lang.all/88/04/asset-3228804.jpg",
    "fullImage": "https://static.colruytgroup.com/images/500x500/std.lang.all/88/04/asset-3228804.jpg",
    "squareImage": "https://static.colruytgroup.com/images/500x500sq/std.lang.all/88/04/asset-3228804.jpg",
    "content": "75cl",
    "price": {
      "basicPrice": 9.99,
      "recommendedQuantity": "1.0",
      "measurementUnitPrice": 13.32,
      "measurementUnit": "L",
      "isRedPrice": false,
      "pricePerUOM": 13.32,
      "activationDate": "01-03-2025",
      "isPromoActive": "N",
      "priceChangeCode": "H",
      "priceReason": "FALLBACK"
    },
    "isPriceAvailable": true,
    "channelAvailability": [
      "8_BE_STORE",
      "8_BE_COLLECT_NEXT_DAY",
      "8_BE_HOME_DELIVERY_DRIVER"
    ],
    "businessDomain": "RETAIL_BE",
    "walkRouteSequenceNumber": 3850,
    "isAvailable": true,
    "inPromo": false,
    "topCategoryName": "Boissons",
    "topCategoryId": "354",
    "categories": [
      {
        "name": "Boissons",
        "id": "354",
        "children": [
          {
            "name": "Bi\u00e8res",
            "id": "389",
            "children": [
              {
                "name": "Bi\u00e8res 75cl, Emballages Cadeaux",
                "id": "1066"
              }
            ]
          }
        ]
      }
    ],
    "IsPrivateLabel": false,
    "amount": 0.75,
    "IsBiffe": false,
    "foodPairing": [
      "Fruits de mer",
      "Fromages doux",
      "Desserts",
      "Viande blanche",
      "Ap\u00e9ritif",
      "Volaille",
      "P\u00e2tes & pizza",
      "Salade",
      "Veggie",
      "Barbecue"
    ],
    "IsWeightArticle": false,
    "WeightconversionFactor": "0",
    "IsBio": false,
    "CountryOfOrigin": "BELGIQUE",
    "IsExclusivelySoldInLuxembourg": false,
    "OrderUnit": "P",
    "AlcoholDisclaimermsg": true,
    "InSeason": true,
    "ShortName": "LIEF KRIEK BRUT ROSA75C",
    "IsNew": false,
    "amountUnit": "kg",
    "CountryOfOriginISO": "BE",
    "EcoscoreLabel": "D",
    "ShowAlcoholLegalMsg": true,
    "LongName": "LIEFMANS Kriek Brut Rosa Lim.Ed. 7% 75cl",
    "RecentQuanityOfStockUnits": "1",
    "AlcoholVolume": "7",
    "StartSeasonDate": "18/04/2024",
    "FicCode": "E",
    "EcoscoreValue": "37"
  },
  {
    "technicalArticleNumber": "4762219",
    "commercialArticleNumber": "18019",
    "gtin": [
      "05411491002032",
      "05400141791921"
    ],
    "productId": "919897",
    "name": "Strong Blond 8,0%",
    "description": "*Bi\u00e8re blonde forte\n*8,0% vol",
    "brand": "TEMPELIER",
    "seoBrand": "Tempelier",
    "thumbNail": "https://static.colruytgroup.com/images/200x200/std.lang.all/07/28/asset-3330728.jpg",
    "fullImage": "https://static.colruytgroup.com/images/500x500/std.lang.all/07/28/asset-3330728.jpg",
    "squareImage": "https://static.colruytgroup.com/images/500x500sq/std.lang.all/07/28/asset-3330728.jpg",
    "content": "6x33cl",
    "price": {
      "basicPrice": 9.99,
      "recommendedQuantity": "1.0",
      "quantityPrice": 9.19,
      "quantityPriceQuantity": "3.0",
      "measurementUnitPrice": 5.05,
      "measurementUnitQuantityPrice": 4.65,
      "measurementUnit": "L",
      "isRedPrice": false,
      "pricePerUOM": 5.05,
      "activationDate": "07-05-2025",
      "isPromoActive": "N",
      "priceChangeCode": "E",
      "quantityPricePerUOM": 4.65,
      "quantityActivationDate": "07-05-2025",
      "quantityPriceChangeCode": "E",
      "priceReason": "FALLBACK"
    },
    "isPriceAvailable": true,
    "channelAvailability": [
      "8_BE_STORE",
      "8_BE_COLLECT_NEXT_DAY",
      "8_BE_HOME_DELIVERY_DRIVER"
    ],
    "businessDomain": "RETAIL_BE",
    "walkRouteSequenceNumber": 3932,
    "isAvailable": true,
    "inPromo": false,
    "topCategoryName": "Boissons",
    "topCategoryId": "354",
    "categories": [
      {
        "name": "Boissons",
        "id": "354",
        "children": [
          {
            "name": "Bi\u00e8res",
            "id": "389",
            "children": [
              {
                "name": "Blonde, blonde forte et triple b",
                "id": "394"
              }
            ]
          }
        ]
      }
    ],
    "IsPrivateLabel": false,
    "amount": 1.98,
    "IsBiffe": false,
    "foodPairing": [
      "Ap\u00e9ritif",
      "Volaille",
      "Viande rouge",
      "Barbecue",
      "Poisson",
      "Fromages forts",
      "Crustac\u00e9s",
      "Veggie"
    ],
    "IsWeightArticle": false,
    "WeightconversionFactor": "0",
    "IsBio": false,
    "CountryOfOrigin": "BELGIQUE",
    "IsExclusivelySoldInLuxembourg": false,
    "OrderUnit": "P",
    "AlcoholDisclaimermsg": true,
    "ShortName": "TEMP STRONG BLOND6X33CL",
    "IsNew": false,
    "amountUnit": "kg",
    "CountryOfOriginISO": "BE",
    "EcoscoreLabel": "D",
    "ShowAlcoholLegalMsg": true,
    "LongName": "TEMPELIER Strong Blond 8,0% 6x33cl",
    "RecentQuanityOfStockUnits": "1",
    "AlcoholVolume": "8",
    "FicCode": "E",
    "DepositValue": [
      0.6
    ],
    "EcoscoreValue": "37"
  },
  {
    "technicalArticleNumber": "4899151",
    "commercialArticleNumber": "14686",
    "gtin": [
      "05410583804622"
    ],
    "productId": "1273345",
    "name": "Evolved St Georges 6,5%",
    "brand": "RODENBACH",
    "seoBrand": "Rodenbach",
    "thumbNail": "https://static.colruytgroup.com/images/200x200/std.lang.all/27/46/asset-3822746.jpg",
    "fullImage": "https://static.colruytgroup.com/images/500x500/std.lang.all/27/46/asset-3822746.jpg",
    "squareImage": "https://static.colruytgroup.com/images/500x500sq/std.lang.all/27/46/asset-3822746.jpg",
    "content": "75cl",
    "price": {
      "basicPrice": 9.99,
      "recommendedQuantity": "1.0",
      "quantityPrice": 9.59,
      "quantityPriceQuantity": "6.0",
      "measurementUnitPrice": 13.32,
      "measurementUnitQuantityPrice": 12.79,
      "measurementUnit": "L",
      "isRedPrice": false,
      "pricePerUOM": 13.32,
      "activationDate": "04-06-2025",
      "isPromoActive": "Y",
      "priceChangeCode": "E",
      "quantityPricePerUOM": 12.79,
      "quantityActivationDate": "04-06-2025",
      "quantityPriceChangeCode": "E",
      "priceReason": "Promo"
    },
    "isPriceAvailable": true,
    "channelAvailability": [
      "8_BE_STORE",
      "8_BE_COLLECT_NEXT_DAY",
      "8_BE_HOME_DELIVERY",
      "8_BE_HOME_DELIVERY_DRIVER"
    ],
    "businessDomain": "RETAIL_BE",
    "walkRouteSequenceNumber": 3744,
    "isAvailable": true,
    "inPromo": false,
    "topCategoryName": "Boissons",
    "topCategoryId": "354",
    "categories": [
      {
        "name": "Boissons",
        "id": "354",
        "children": [
          {
            "name": "Bi\u00e8res",
            "id": "389",
            "children": [
              {
                "name": "Bi\u00e8res 75cl, Emballages Cadeaux",
                "id": "1066"
              }
            ]
          }
        ]
      }
    ],
    "IsPrivateLabel": false,
    "amount": 0.75,
    "IsBiffe": false,
    "foodPairing": [
      "Volaille",
      "Viande rouge",
      "Ap\u00e9ritif",
      "Fromages forts",
      "Barbecue",
      "Gibier"
    ],
    "IsWeightArticle": false,
    "WeightconversionFactor": "0",
    "IsBio": false,
    "CountryOfOrigin": "BELGIQUE",
    "IsExclusivelySoldInLuxembourg": false,
    "OrderUnit": "P",
    "AlcoholDisclaimermsg": true,
    "ShortName": "RODE EVOLVED PALE.S 75C",
    "IsNew": true,
    "amountUnit": "kg",
    "CountryOfOriginISO": "BE",
    "EcoscoreLabel": "D",
    "ShowAlcoholLegalMsg": true,
    "LongName": "RODENBACH Evolved St Georges 6,5% 75cl",
    "RecentQuanityOfStockUnits": "1",
    "AlcoholVolume": "6.5",
    "FicCode": "E",
    "EcoscoreValue": "37"
  },
  {
    "technicalArticleNumber": "3781790",
    "commercialArticleNumber": "17205",
    "gtin": [
      "05400141104653",
      "08711406995495"
    ],
    "productId": "324091",
    "name": "Quadrupel",
    "description": "*Bi\u00e8re trappiste\n*10,0 % vol",
    "brand": "LA TRAPPE",
    "seoBrand": "La Trappe",
    "thumbNail": "https://static.colruytgroup.com/images/200x200/std.lang.all/35/18/asset-1363518.jpg",
    "fullImage": "https://static.colruytgroup.com/images/500x500/std.lang.all/35/18/asset-1363518.jpg",
    "squareImage": "https://static.colruytgroup.com/images/500x500sq/std.lang.all/35/18/asset-1363518.jpg",
    "content": "6x33cl",
    "price": {
      "basicPrice": 10.03,
      "recommendedQuantity": "1.0",
      "measurementUnitPrice": 5.07,
      "measurementUnit": "L",
      "isRedPrice": false,
      "pricePerUOM": 5.07,
      "activationDate": "22-03-2025",
      "recordSource": "Offline",
      "isPromoActive": "N",
      "priceChangeCode": "L",
      "priceReason": "Reaction"
    },
    "isPriceAvailable": true,
    "channelAvailability": [
      "8_BE_STORE",
      "8_LU_STORE",
      "8_BE_COLLECT_NEXT_DAY",
      "8_BE_HOME_DELIVERY",
      "8_BE_HOME_DELIVERY_DRIVER"
    ],
    "businessDomain": "RETAIL_BE",
    "walkRouteSequenceNumber": 3831,
    "isAvailable": true,
    "inPromo": false,
    "topCategoryName": "Boissons",
    "topCategoryId": "354",
    "categories": [
      {
        "name": "Boissons",
        "id": "354",
        "children": [
          {
            "name": "Bi\u00e8res",
            "id": "389",
            "children": [
              {
                "name": "Bi\u00e8re d'Abbaye et Trappiste brune",
                "id": "1851"
              }
            ]
          }
        ]
      }
    ],
    "IsPrivateLabel": false,
    "amount": 1.98,
    "IsBiffe": false,
    "foodPairing": [
      "Viande rouge",
      "Gibier",
      "Fromages forts",
      "Desserts"
    ],
    "IsWeightArticle": false,
    "WeightconversionFactor": "0",
    "IsBio": false,
    "CountryOfOrigin": "PAYS-BAS",
    "IsExclusivelySoldInLuxembourg": false,
    "OrderUnit": "P",
    "AlcoholDisclaimermsg": true,
    "ShortName": "LA TRAPPE QUADRU 6X33CL",
    "IsNew": false,
    "amountUnit": "kg",
    "CountryOfOriginISO": "NL",
    "EcoscoreLabel": "D",
    "ShowAlcoholLegalMsg": true,
    "LongName": "LA TRAPPE Quadrupel 6x33cl",
    "RecentQuanityOfStockUnits": "1",
    "AlcoholVolume": "10",
    "FicCode": "E",
    "DepositValue": [
      0.6
    ],
    "EcoscoreValue": "37"
  },
  {
    "technicalArticleNumber": "1789388",
    "commercialArticleNumber": "6966",
    "gtin": [
      "00000025069662",
      "05400141969665"
    ],
    "productId": "39327",
    "name": "blonde 7,5%",
    "description": "*Bi\u00e8re d'abbaye\n*7,5 % vol\n*Referment. en bout.",
    "brand": "ST FEUILLIEN",
    "seoBrand": "St Feuillien",
    "thumbNail": "https://static.colruytgroup.com/images/200x200/std.lang.all/00/30/asset-2080030.jpg",
    "fullImage": "https://static.colruytgroup.com/images/500x500/std.lang.all/00/30/asset-2080030.jpg",
    "squareImage": "https://static.colruytgroup.com/images/500x500sq/std.lang.all/00/30/asset-2080030.jpg",
    "content": "6x33cl",
    "price": {
      "basicPrice": 10.09,
      "recommendedQuantity": "1.0",
      "quantityPrice": 9.69,
      "quantityPriceQuantity": "3.0",
      "measurementUnitPrice": 5.1,
      "measurementUnitQuantityPrice": 4.9,
      "measurementUnit": "L",
      "isRedPrice": false,
      "pricePerUOM": 5.1,
      "activationDate": "04-06-2025",
      "isPromoActive": "N",
      "priceChangeCode": "H",
      "quantityPricePerUOM": 4.9,
      "quantityActivationDate": "04-06-2025",
      "quantityPriceChangeCode": "H",
      "priceReason": "Market"
    },
    "isPriceAvailable": true,
    "channelAvailability": [
      "3_BE_STORE",
      "8_BE_STORE",
      "8_LU_STORE",
      "8_BE_COLLECT_NEXT_DAY",
      "8_BE_HOME_DELIVERY",
      "8_BE_HOME_DELIVERY_DRIVER"
    ],
    "businessDomain": "RETAIL_BE",
    "walkRouteSequenceNumber": 3843,
    "isAvailable": true,
    "inPromo": false,
    "topCategoryName": "Boissons",
    "topCategoryId": "354",
    "categories": [
      {
        "name": "Boissons",
        "id": "354",
        "children": [
          {
            "name": "Bi\u00e8res",
            "id": "389",
            "children": [
              {
                "name": "Bi\u00e8re d'Abbaye, Trappiste blonde & amb",
                "id": "391"
              }
            ]
          }
        ]
      }
    ],
    "IsPrivateLabel": false,
    "amount": 1.98,
    "IsBiffe": false,
    "foodPairing": [
      "Viande blanche",
      "Crustac\u00e9s",
      "Desserts",
      "Fromages forts",
      "Gibier",
      "Volaille",
      "Viande rouge",
      "Veggie",
      "Poisson"
    ],
    "IsWeightArticle": false,
    "WeightconversionFactor": "0",
    "IsBio": false,
    "CountryOfOrigin": "BELGIQUE",
    "IsExclusivelySoldInLuxembourg": false,
    "OrderUnit": "P",
    "AlcoholDisclaimermsg": true,
    "ShortName": "ST.FEUIL.BLONDE 6X33",
    "IsNew": false,
    "amountUnit": "kg",
    "CountryOfOriginISO": "BE",
    "EcoscoreLabel": "D",
    "ShowAlcoholLegalMsg": true,
    "LongName": "ST FEUILLIEN blonde 7,5% 6x33cl",
    "RecentQuanityOfStockUnits": "1",
    "AlcoholVolume": "7.5",
    "FicCode": "I",
    "DepositValue": [
      0.6
    ],
    "EcoscoreValue": "37"
  },
  {
    "technicalArticleNumber": "4874824",
    "commercialArticleNumber": "38897",
    "gtin": [
      "05410769802145",
      "05400141940916"
    ],
    "productId": "1255395",
    "name": "Blonde sans alcool 0,4%",
    "description": "*Bi\u00e8re blonde\n*0,4% vol",
    "brand": "CHOUFFE",
    "seoBrand": "Chouffe",
    "thumbNail": "https://static.colruytgroup.com/images/200x200/std.lang.all/94/99/asset-3769499.jpg",
    "fullImage": "https://static.colruytgroup.com/images/500x500/std.lang.all/94/99/asset-3769499.jpg",
    "squareImage": "https://static.colruytgroup.com/images/500x500sq/std.lang.all/94/99/asset-3769499.jpg",
    "content": "6x33cl",
    "price": {
      "basicPrice": 10.12,
      "recommendedQuantity": "1.0",
      "measurementUnitPrice": 5.12,
      "measurementUnit": "L",
      "isRedPrice": false,
      "pricePerUOM": 5.12,
      "activationDate": "10-05-2025",
      "recordSource": "Offline",
      "isPromoActive": "N",
      "priceChangeCode": "H",
      "priceReason": "Reaction"
    },
    "isPriceAvailable": true,
    "channelAvailability": [
      "8_BE_STORE",
      "8_LU_STORE",
      "8_BE_COLLECT_NEXT_DAY",
      "8_BE_HOME_DELIVERY",
      "8_BE_HOME_DELIVERY_DRIVER"
    ],
    "businessDomain": "RETAIL_BE",
    "walkRouteSequenceNumber": 4112,
    "isAvailable": true,
    "inPromo": false,
    "topCategoryName": "Boissons",
    "topCategoryId": "354",
    "categories": [
      {
        "name": "Boissons",
        "id": "354",
        "children": [
          {
            "name": "Bi\u00e8res",
            "id": "389",
            "children": [
              {
                "name": "Bi\u00e8res sans alcool",
                "id": "398"
              }
            ]
          }
        ]
      }
    ],
    "IsPrivateLabel": false,
    "amount": 1.98,
    "IsBiffe": false,
    "foodPairing": [
      "Viande rouge",
      "Viande blanche",
      "Veggie",
      "P\u00e2tes & pizza",
      "Poisson",
      "Gibier",
      "Crustac\u00e9s",
      "Barbecue",
      "Ap\u00e9ritif",
      "Fromages forts"
    ],
    "IsWeightArticle": false,
    "WeightconversionFactor": "0",
    "nutriscoreLabel": "C",
    "IsBio": false,
    "CountryOfOrigin": "BELGIQUE",
    "IsExclusivelySoldInLuxembourg": false,
    "OrderUnit": "P",
    "AlcoholDisclaimermsg": false,
    "ShortName": "CHOU SANS ALCOOL 6X33CL",
    "IsNew": false,
    "amountUnit": "kg",
    "CountryOfOriginISO": "BE",
    "EcoscoreLabel": "D",
    "ShowAlcoholLegalMsg": false,
    "LongName": "CHOUFFE Blonde sans alcool 0,4% 6x33cl",
    "RecentQuanityOfStockUnits": "1",
    "AlcoholVolume": "0.4",
    "FicCode": "E",
    "DepositValue": [
      0.6
    ],
    "EcoscoreValue": "37"
  },
  {
    "technicalArticleNumber": "5277",
    "commercialArticleNumber": "5277",
    "gtin": [
      "05400141052770",
      "05411081000523",
      "05411081000769"
    ],
    "productId": "384",
    "name": "bi\u00e8re fonc\u00e9e 11,0%vol",
    "description": "*Bi\u00e8re sp\u00e9ciale\n*11 % vol\n*Referment. en bout.",
    "brand": "KASTEEL",
    "seoBrand": "Kasteel",
    "thumbNail": "https://static.colruytgroup.com/images/200x200/std.lang.all/34/58/asset-1793458.jpg",
    "fullImage": "https://static.colruytgroup.com/images/500x500/std.lang.all/34/58/asset-1793458.jpg",
    "squareImage": "https://static.colruytgroup.com/images/500x500sq/std.lang.all/34/58/asset-1793458.jpg",
    "content": "6x33cl",
    "price": {
      "basicPrice": 10.14,
      "recommendedQuantity": "1.0",
      "quantityPrice": 9.73,
      "quantityPriceQuantity": "3.0",
      "measurementUnitPrice": 5.13,
      "measurementUnitQuantityPrice": 4.92,
      "measurementUnit": "L",
      "isRedPrice": false,
      "pricePerUOM": 5.13,
      "activationDate": "30-05-2025",
      "recordSource": "Offline",
      "isPromoActive": "N",
      "priceChangeCode": "H",
      "quantityPricePerUOM": 4.92,
      "quantityActivationDate": "30-05-2025",
      "quantityPriceChangeCode": "H",
      "priceReason": "Reaction"
    },
    "isPriceAvailable": true,
    "channelAvailability": [
      "3_BE_STORE",
      "8_BE_STORE",
      "8_LU_STORE",
      "8_BE_COLLECT_NEXT_DAY",
      "8_BE_HOME_DELIVERY",
      "8_BE_HOME_DELIVERY_DRIVER"
    ],
    "businessDomain": "RETAIL_BE",
    "walkRouteSequenceNumber": 3882,
    "isAvailable": true,
    "inPromo": false,
    "topCategoryName": "Boissons",
    "topCategoryId": "354",
    "categories": [
      {
        "name": "Boissons",
        "id": "354",
        "children": [
          {
            "name": "Bi\u00e8res",
            "id": "389",
            "children": [
              {
                "name": "Bi\u00e8re brune et forte",
                "id": "1848"
              }
            ]
          }
        ]
      }
    ],
    "IsPrivateLabel": false,
    "amount": 1.98,
    "IsBiffe": false,
    "foodPairing": [
      "Desserts",
      "Fromages forts",
      "Viande rouge",
      "Gibier"
    ],
    "IsWeightArticle": false,
    "WeightconversionFactor": "0",
    "IsBio": false,
    "CountryOfOrigin": "BELGIQUE",
    "IsExclusivelySoldInLuxembourg": false,
    "OrderUnit": "P",
    "AlcoholDisclaimermsg": true,
    "ShortName": "CHATEAU FONCE 6X33CL",
    "IsNew": false,
    "amountUnit": "kg",
    "CountryOfOriginISO": "BE",
    "EcoscoreLabel": "D",
    "ShowAlcoholLegalMsg": true,
    "LongName": "KASTEEL bi\u00e8re fonc\u00e9e 11,0%vol 6x33cl",
    "RecentQuanityOfStockUnits": "1",
    "AlcoholVolume": "11",
    "FicCode": "I",
    "DepositValue": [
      0.6
    ],
    "EcoscoreValue": "37"
  },
  {
    "technicalArticleNumber": "2229047",
    "commercialArticleNumber": "5313",
    "gtin": [
      "05411081003531",
      "05400141531374",
      "05411081003654"
    ],
    "productId": "21964",
    "name": "Rouge 8%",
    "description": "*Bi\u00e8re sp\u00e9ciale\n*8 % vol",
    "brand": "KASTEEL",
    "seoBrand": "Kasteel",
    "thumbNail": "https://static.colruytgroup.com/images/200x200/std.lang.all/33/82/asset-1793382.jpg",
    "fullImage": "https://static.colruytgroup.com/images/500x500/std.lang.all/33/82/asset-1793382.jpg",
    "squareImage": "https://static.colruytgroup.com/images/500x500sq/std.lang.all/33/82/asset-1793382.jpg",
    "content": "6x33cl",
    "price": {
      "basicPrice": 10.14,
      "recommendedQuantity": "1.0",
      "quantityPrice": 9.73,
      "quantityPriceQuantity": "3.0",
      "measurementUnitPrice": 5.13,
      "measurementUnitQuantityPrice": 4.92,
      "measurementUnit": "L",
      "isRedPrice": false,
      "pricePerUOM": 5.13,
      "activationDate": "30-05-2025",
      "recordSource": "Offline",
      "isPromoActive": "N",
      "priceChangeCode": "H",
      "quantityPricePerUOM": 4.92,
      "quantityActivationDate": "30-05-2025",
      "quantityPriceChangeCode": "H",
      "priceReason": "Reaction"
    },
    "isPriceAvailable": true,
    "channelAvailability": [
      "3_BE_STORE",
      "8_BE_STORE",
      "8_LU_STORE",
      "8_BE_COLLECT_NEXT_DAY",
      "8_BE_HOME_DELIVERY",
      "8_BE_HOME_DELIVERY_DRIVER"
    ],
    "businessDomain": "RETAIL_BE",
    "walkRouteSequenceNumber": 4024,
    "isAvailable": true,
    "inPromo": false,
    "topCategoryName": "Boissons",
    "topCategoryId": "354",
    "categories": [
      {
        "name": "Boissons",
        "id": "354",
        "children": [
          {
            "name": "Bi\u00e8res",
            "id": "389",
            "children": [
              {
                "name": "Bi\u00e8re blanche, bi\u00e8re aux fruits et bi",
                "id": "395"
              }
            ]
          }
        ]
      }
    ],
    "foodPairing": [
      "Volaille",
      "Salade",
      "Ap\u00e9ritif",
      "Gibier",
      "Desserts",
      "Poisson"
    ],
    "CountryOfOrigin": "BELGIQUE",
    "IsExclusivelySoldInLuxembourg": false,
    "OrderUnit": "P",
    "AlcoholDisclaimermsg": true,
    "InSeason": true,
    "ShortName": "CHATEAU ROUGE 6X33",
    "IsNew": false,
    "ShowAlcoholLegalMsg": true,
    "RecentQuanityOfStockUnits": "1",
    "FicCode": "I",
    "IsPrivateLabel": false,
    "amount": 1.98,
    "IsBiffe": false,
    "IsWeightArticle": false,
    "WeightconversionFactor": "0",
    "IsBio": false,
    "amountUnit": "kg",
    "CountryOfOriginISO": "BE",
    "EcoscoreLabel": "D",
    "LongName": "KASTEEL Rouge 8% 6x33cl",
    "AlcoholVolume": "8",
    "StartSeasonDate": "08/06/2012",
    "DepositValue": [
      0.6
    ],
    "EcoscoreValue": "37"
  },
  {
    "technicalArticleNumber": "3870562",
    "commercialArticleNumber": "40567",
    "gtin": [
      "05400141206487",
      "00000054079021"
    ],
    "productId": "357626",
    "name": "Abt 12",
    "description": "*Bi\u00e8re brune de\nhaute fermentation\n*10 % vol",
    "brand": "ST BERNARDUS",
    "seoBrand": "St Bernardus",
    "thumbNail": "https://static.colruytgroup.com/images/200x200/std.lang.all/08/70/asset-1500870.jpg",
    "fullImage": "https://static.colruytgroup.com/images/500x500/std.lang.all/08/70/asset-1500870.jpg",
    "squareImage": "https://static.colruytgroup.com/images/500x500sq/std.lang.all/08/70/asset-1500870.jpg",
    "content": "6x33cl",
    "price": {
      "basicPrice": 10.14,
      "recommendedQuantity": "1.0",
      "measurementUnitPrice": 5.13,
      "measurementUnit": "L",
      "isRedPrice": false,
      "pricePerUOM": 5.13,
      "activationDate": "24-04-2025",
      "recordSource": "Offline",
      "isPromoActive": "N",
      "priceChangeCode": "E",
      "priceReason": "Reaction"
    },
    "isPriceAvailable": true,
    "channelAvailability": [
      "8_BE_STORE",
      "8_LU_STORE",
      "8_BE_COLLECT_NEXT_DAY",
      "8_BE_HOME_DELIVERY",
      "8_BE_HOME_DELIVERY_DRIVER"
    ],
    "businessDomain": "RETAIL_BE",
    "walkRouteSequenceNumber": 3884,
    "isAvailable": true,
    "inPromo": false,
    "topCategoryName": "Boissons",
    "topCategoryId": "354",
    "categories": [
      {
        "name": "Boissons",
        "id": "354",
        "children": [
          {
            "name": "Bi\u00e8res",
            "id": "389",
            "children": [
              {
                "name": "Bi\u00e8re brune et forte",
                "id": "1848"
              }
            ]
          }
        ]
      }
    ],
    "IsPrivateLabel": false,
    "amount": 1.98,
    "IsBiffe": false,
    "foodPairing": [
      "Viande rouge",
      "Desserts",
      "Fromages forts",
      "Gibier"
    ],
    "IsWeightArticle": false,
    "WeightconversionFactor": "0",
    "IsBio": false,
    "CountryOfOrigin": "BELGIQUE",
    "IsExclusivelySoldInLuxembourg": false,
    "OrderUnit": "P",
    "AlcoholDisclaimermsg": true,
    "ShortName": "ST BERNARDUS ABT 6X33CL",
    "IsNew": false,
    "amountUnit": "kg",
    "CountryOfOriginISO": "BE",
    "EcoscoreLabel": "D",
    "ShowAlcoholLegalMsg": true,
    "LongName": "ST BERNARDUS Abt 12 6x33cl",
    "RecentQuanityOfStockUnits": "1",
    "AlcoholVolume": "10",
    "FicCode": "E",
    "DepositValue": [
      0.6
    ],
    "EcoscoreValue": "37"
  },
  {
    "technicalArticleNumber": "5369",
    "commercialArticleNumber": "5369",
    "gtin": [
      "05400141053692",
      "05412583240837"
    ],
    "productId": "408",
    "name": "bi\u00e8re abbaye blonde 6,5%",
    "description": "*Bi\u00e8re d'abbaye\n*6,6 % vol\n*Referment. en bout.",
    "brand": "ENAME",
    "seoBrand": "Ename",
    "thumbNail": "https://static.colruytgroup.com/images/200x200/std.lang.all/70/95/asset-797095.jpg",
    "fullImage": "https://static.colruytgroup.com/images/500x500/std.lang.all/70/95/asset-797095.jpg",
    "squareImage": "https://static.colruytgroup.com/images/500x500sq/std.lang.all/70/95/asset-797095.jpg",
    "content": "6x33cl",
    "price": {
      "basicPrice": 10.18,
      "recommendedQuantity": "1.0",
      "quantityPrice": 9.37,
      "quantityPriceQuantity": "3.0",
      "measurementUnitPrice": 5.15,
      "measurementUnitQuantityPrice": 4.74,
      "measurementUnit": "L",
      "isRedPrice": false,
      "pricePerUOM": 5.15,
      "activationDate": "04-06-2025",
      "isPromoActive": "Y",
      "priceChangeCode": "E",
      "quantityPricePerUOM": 4.74,
      "quantityActivationDate": "04-06-2025",
      "quantityPriceChangeCode": "E",
      "priceReason": "Promo"
    },
    "isPriceAvailable": true,
    "channelAvailability": [
      "3_BE_STORE",
      "8_BE_STORE",
      "8_BE_COLLECT_NEXT_DAY",
      "8_BE_HOME_DELIVERY",
      "8_BE_HOME_DELIVERY_DRIVER"
    ],
    "businessDomain": "RETAIL_BE",
    "walkRouteSequenceNumber": 3866,
    "isAvailable": true,
    "inPromo": true,
    "promotion": [
      {
        "techPromoId": "101244COLR",
        "promotionId": "101244",
        "promotionType": "3",
        "isPersonalized": "N",
        "publicationStartDate": "04-06-2025",
        "publicationEndDate": "17-06-2025",
        "topPromo": false
      }
    ],
    "topCategoryName": "Boissons",
    "topCategoryId": "354",
    "categories": [
      {
        "name": "Boissons",
        "id": "354",
        "children": [
          {
            "name": "Bi\u00e8res",
            "id": "389",
            "children": [
              {
                "name": "Bi\u00e8re d'Abbaye, Trappiste blonde & amb",
                "id": "391"
              }
            ]
          }
        ]
      }
    ],
    "IsPrivateLabel": false,
    "amount": 1.98,
    "IsBiffe": false,
    "foodPairing": [
      "Volaille",
      "Viande rouge",
      "Viande blanche",
      "Veggie",
      "Poisson",
      "Gibier",
      "Fromages forts",
      "Desserts",
      "Crustac\u00e9s"
    ],
    "IsWeightArticle": false,
    "WeightconversionFactor": "0",
    "IsBio": false,
    "CountryOfOrigin": "BELGIQUE",
    "IsExclusivelySoldInLuxembourg": false,
    "OrderUnit": "P",
    "AlcoholDisclaimermsg": true,
    "ShortName": "ENAME BLONDE 6X33CL",
    "IsNew": false,
    "amountUnit": "kg",
    "CountryOfOriginISO": "BE",
    "EcoscoreLabel": "B",
    "ShowAlcoholLegalMsg": true,
    "LongName": "ENAME bi\u00e8re abbaye blonde 6,5% 6x33cl",
    "RecentQuanityOfStockUnits": "1",
    "AlcoholVolume": "6.6",
    "FicCode": "I",
    "DepositValue": [
      0.6
    ],
    "EcoscoreValue": "72"
  },
  {
    "technicalArticleNumber": "3445961",
    "commercialArticleNumber": "24348",
    "gtin": [
      "05412858000067",
      "05400141378399"
    ],
    "productId": "199546",
    "name": "6 7,5%vol",
    "description": "*7,5 % vol\n*Bi\u00e8re trappiste\n*Referment. en bout.",
    "brand": "TRAPPISTES ROCHEFORT",
    "seoBrand": "Trappistes Rochefort",
    "thumbNail": "https://static.colruytgroup.com/images/200x200/std.lang.all/41/97/asset-834197.jpg",
    "fullImage": "https://static.colruytgroup.com/images/500x500/std.lang.all/41/97/asset-834197.jpg",
    "squareImage": "https://static.colruytgroup.com/images/500x500sq/std.lang.all/41/97/asset-834197.jpg",
    "content": "33cl",
    "price": {
      "basicPrice": 10.32,
      "recommendedQuantity": "1.0",
      "quantityPrice": 9.91,
      "quantityPriceQuantity": "3.0",
      "measurementUnitPrice": 5.22,
      "measurementUnitQuantityPrice": 5.01,
      "measurementUnit": "L",
      "isRedPrice": false,
      "pricePerUOM": 5.22,
      "activationDate": "23-04-2025",
      "recordSource": "Online",
      "isPromoActive": "Y",
      "priceChangeCode": "E",
      "quantityPricePerUOM": 5.01,
      "quantityActivationDate": "23-04-2025",
      "quantityPriceChangeCode": "E",
      "priceReason": "Reaction"
    },
    "isPriceAvailable": true,
    "channelAvailability": [
      "8_BE_STORE",
      "8_BE_COLLECT_NEXT_DAY",
      "8_BE_HOME_DELIVERY_DRIVER"
    ],
    "businessDomain": "RETAIL_BE",
    "walkRouteSequenceNumber": 3828,
    "isAvailable": true,
    "inPromo": false,
    "topCategoryName": "Boissons",
    "topCategoryId": "354",
    "categories": [
      {
        "name": "Boissons",
        "id": "354",
        "children": [
          {
            "name": "Bi\u00e8res",
            "id": "389",
            "children": [
              {
                "name": "Bi\u00e8re d'Abbaye et Trappiste brune",
                "id": "1851"
              }
            ]
          }
        ]
      }
    ],
    "IsPrivateLabel": false,
    "amount": 1.98,
    "IsBiffe": false,
    "foodPairing": [
      "Viande blanche",
      "Veggie",
      "Gibier",
      "Fromages forts",
      "Desserts",
      "Viande rouge"
    ],
    "IsWeightArticle": false,
    "WeightconversionFactor": "0",
    "IsBio": false,
    "CountryOfOrigin": "BELGIQUE",
    "IsExclusivelySoldInLuxembourg": false,
    "OrderUnit": "P",
    "AlcoholDisclaimermsg": true,
    "ShortName": "ROCHEFORT 6 6X33CL",
    "IsNew": false,
    "amountUnit": "kg",
    "CountryOfOriginISO": "BE",
    "servings": {
      "source": "0.0",
      "parsedValue": 0
    },
    "EcoscoreLabel": "B",
    "ShowAlcoholLegalMsg": true,
    "LongName": "TRAPPISTES ROCHEFORT 6 7,5%vol 33cl",
    "RecentQuanityOfStockUnits": "1",
    "AlcoholVolume": "7.5",
    "FicCode": "I",
    "DepositValue": [
      0.6
    ],
    "EcoscoreValue": "72"
  },
  {
    "technicalArticleNumber": "4820734",
    "commercialArticleNumber": "24623",
    "gtin": [
      "05400141603385",
      "05411081010874"
    ],
    "productId": "1134424",
    "name": "Rouge 0,0%",
    "description": "*Bi\u00e8re fruit\u00e9e\n*Sans alcool",
    "brand": "KASTEEL",
    "seoBrand": "Kasteel",
    "thumbNail": "https://static.colruytgroup.com/images/200x200/std.lang.all/67/97/asset-3536797.jpg",
    "fullImage": "https://static.colruytgroup.com/images/500x500/std.lang.all/67/97/asset-3536797.jpg",
    "squareImage": "https://static.colruytgroup.com/images/500x500sq/std.lang.all/67/97/asset-3536797.jpg",
    "content": "6x33cl",
    "price": {
      "basicPrice": 10.33,
      "recommendedQuantity": "1.0",
      "quantityPrice": 9.5,
      "quantityPriceQuantity": "3.0",
      "measurementUnitPrice": 5.22,
      "measurementUnitQuantityPrice": 4.8,
      "measurementUnit": "L",
      "isRedPrice": false,
      "pricePerUOM": 5.22,
      "activationDate": "04-06-2025",
      "isPromoActive": "Y",
      "priceChangeCode": "E",
      "quantityPricePerUOM": 4.8,
      "quantityActivationDate": "04-06-2025",
      "quantityPriceChangeCode": "E",
      "priceReason": "Promo"
    },
    "isPriceAvailable": true,
    "channelAvailability": [
      "8_BE_STORE",
      "8_LU_STORE",
      "8_BE_COLLECT_NEXT_DAY",
      "8_BE_HOME_DELIVERY",
      "8_BE_HOME_DELIVERY_DRIVER"
    ],
    "businessDomain": "RETAIL_BE",
    "walkRouteSequenceNumber": 4131,
    "isAvailable": true,
    "inPromo": true,
    "promotion": [
      {
        "techPromoId": "101238COLR",
        "promotionId": "101238",
        "promotionType": "3",
        "isPersonalized": "N",
        "publicationStartDate": "04-06-2025",
        "publicationEndDate": "17-06-2025",
        "topPromo": false
      }
    ],
    "topCategoryName": "Boissons",
    "topCategoryId": "354",
    "categories": [
      {
        "name": "Boissons",
        "id": "354",
        "children": [
          {
            "name": "Bi\u00e8res",
            "id": "389",
            "children": [
              {
                "name": "Bi\u00e8res sans alcool",
                "id": "398"
              }
            ]
          }
        ]
      }
    ],
    "IsPrivateLabel": false,
    "amount": 1.98,
    "IsBiffe": false,
    "foodPairing": [
      "Viande rouge",
      "Viande blanche",
      "Veggie",
      "Salade",
      "P\u00e2tes & pizza",
      "Gibier",
      "Fromages doux",
      "Desserts",
      "Barbecue",
      "Ap\u00e9ritif"
    ],
    "IsWeightArticle": false,
    "WeightconversionFactor": "0",
    "IsBio": false,
    "CountryOfOrigin": "BELGIQUE",
    "IsExclusivelySoldInLuxembourg": false,
    "OrderUnit": "P",
    "AlcoholDisclaimermsg": false,
    "ShortName": "KAST ROUGE 0.0% 6X33CL",
    "IsNew": false,
    "amountUnit": "kg",
    "CountryOfOriginISO": "BE",
    "EcoscoreLabel": "D",
    "ShowAlcoholLegalMsg": false,
    "LongName": "KASTEEL Rouge 0,0% 6x33cl",
    "RecentQuanityOfStockUnits": "1",
    "AlcoholVolume": "0",
    "FicCode": "I",
    "DepositValue": [
      0.6
    ],
    "EcoscoreValue": "37"
  },
  {
    "technicalArticleNumber": "4563425",
    "commercialArticleNumber": "1303",
    "gtin": [
      "05400141464559",
      "05430000508155",
      "05430000508032"
    ],
    "productId": "774295",
    "name": "Triple 8,5 %",
    "description": "*Bi\u00e8re blonde\n*8,5 % vol",
    "brand": "BELGIUM PEAK BEER",
    "seoBrand": "Belgium Peak Beer",
    "thumbNail": "https://static.colruytgroup.com/images/200x200/std.lang.all/53/85/asset-2735385.jpg",
    "fullImage": "https://static.colruytgroup.com/images/500x500/std.lang.all/53/85/asset-2735385.jpg",
    "squareImage": "https://static.colruytgroup.com/images/500x500sq/std.lang.all/53/85/asset-2735385.jpg",
    "content": "4x33cl",
    "price": {
      "basicPrice": 10.39,
      "recommendedQuantity": "1.0",
      "quantityPrice": 9.56,
      "quantityPriceQuantity": "3.0",
      "measurementUnitPrice": 7.88,
      "measurementUnitQuantityPrice": 7.25,
      "measurementUnit": "L",
      "isRedPrice": false,
      "pricePerUOM": 7.88,
      "activationDate": "15-05-2025",
      "recordSource": "Online",
      "isPromoActive": "N",
      "priceChangeCode": "H",
      "quantityPricePerUOM": 7.25,
      "quantityActivationDate": "15-05-2025",
      "quantityPriceChangeCode": "H",
      "priceReason": "Reaction"
    },
    "isPriceAvailable": true,
    "channelAvailability": [
      "8_BE_STORE",
      "8_LU_STORE",
      "8_BE_COLLECT_NEXT_DAY",
      "8_BE_HOME_DELIVERY_DRIVER"
    ],
    "businessDomain": "RETAIL_BE",
    "walkRouteSequenceNumber": 3976,
    "isAvailable": true,
    "inPromo": false,
    "topCategoryName": "Boissons",
    "topCategoryId": "354",
    "categories": [
      {
        "name": "Boissons",
        "id": "354",
        "children": [
          {
            "name": "Bi\u00e8res",
            "id": "389",
            "children": [
              {
                "name": "Blonde, blonde forte et triple b",
                "id": "394"
              }
            ]
          }
        ]
      }
    ],
    "IsPrivateLabel": false,
    "amount": 1.32,
    "IsBiffe": false,
    "foodPairing": [
      "Barbecue",
      "Fromages vari\u00e9s",
      "Gibier",
      "Viande rouge",
      "Ap\u00e9ritif"
    ],
    "IsWeightArticle": false,
    "WeightconversionFactor": "0",
    "IsBio": false,
    "CountryOfOrigin": "BELGIQUE",
    "IsExclusivelySoldInLuxembourg": false,
    "OrderUnit": "P",
    "AlcoholDisclaimermsg": true,
    "ShortName": "PEAK TRIPLE 8.5% 4X33CL",
    "IsNew": false,
    "amountUnit": "kg",
    "CountryOfOriginISO": "BE",
    "EcoscoreLabel": "D",
    "ShowAlcoholLegalMsg": true,
    "LongName": "BELGIUM PEAK BEER Triple 8,5 % 4x33cl",
    "RecentQuanityOfStockUnits": "1",
    "AlcoholVolume": "8.5",
    "FicCode": "E",
    "EcoscoreValue": "37"
  },
  {
    "technicalArticleNumber": "1466008",
    "commercialArticleNumber": "7778",
    "gtin": [
      "05400141077780",
      "05413977002024",
      "05413977000020",
      "05413977600015"
    ],
    "productId": "15088",
    "name": "bi\u00e8re abbaye brune 8%",
    "description": "*Bi\u00e8re d'abbaye\n*8 % vol\n*Referment. en bout.",
    "brand": "VAL-DIEU",
    "seoBrand": "Val-Dieu",
    "thumbNail": "https://static.colruytgroup.com/images/200x200/std.lang.all/87/83/asset-1838783.jpg",
    "fullImage": "https://static.colruytgroup.com/images/500x500/std.lang.all/87/83/asset-1838783.jpg",
    "squareImage": "https://static.colruytgroup.com/images/500x500sq/std.lang.all/87/83/asset-1838783.jpg",
    "content": "6x33cl",
    "price": {
      "basicPrice": 10.45,
      "recommendedQuantity": "1.0",
      "quantityPrice": 10.03,
      "quantityPriceQuantity": "3.0",
      "measurementUnitPrice": 5.28,
      "measurementUnitQuantityPrice": 5.07,
      "measurementUnit": "L",
      "isRedPrice": false,
      "pricePerUOM": 5.28,
      "activationDate": "30-05-2025",
      "isPromoActive": "N",
      "priceChangeCode": "E",
      "quantityPricePerUOM": 5.07,
      "quantityActivationDate": "30-05-2025",
      "quantityPriceChangeCode": "H",
      "priceReason": "Market"
    },
    "isPriceAvailable": true,
    "channelAvailability": [
      "8_BE_STORE",
      "8_LU_STORE",
      "8_BE_COLLECT_NEXT_DAY",
      "8_BE_HOME_DELIVERY_DRIVER"
    ],
    "businessDomain": "RETAIL_BE",
    "walkRouteSequenceNumber": 3827,
    "isAvailable": true,
    "inPromo": false,
    "topCategoryName": "Boissons",
    "topCategoryId": "354",
    "categories": [
      {
        "name": "Boissons",
        "id": "354",
        "children": [
          {
            "name": "Bi\u00e8res",
            "id": "389",
            "children": [
              {
                "name": "Bi\u00e8re d'Abbaye et Trappiste brune",
                "id": "1851"
              }
            ]
          }
        ]
      }
    ],
    "IsPrivateLabel": false,
    "amount": 1.98,
    "IsBiffe": false,
    "foodPairing": [
      "Fromages forts",
      "Desserts",
      "Gibier",
      "Veggie",
      "Viande blanche",
      "Viande rouge"
    ],
    "IsWeightArticle": false,
    "WeightconversionFactor": "0",
    "IsBio": false,
    "CountryOfOrigin": "BELGIQUE",
    "IsExclusivelySoldInLuxembourg": false,
    "OrderUnit": "P",
    "AlcoholDisclaimermsg": true,
    "ShortName": "RE VALD BRUNE 6X33CL",
    "IsNew": false,
    "amountUnit": "kg",
    "CountryOfOriginISO": "BE",
    "EcoscoreLabel": "D",
    "ShowAlcoholLegalMsg": true,
    "LongName": "VAL-DIEU bi\u00e8re abbaye brune 8% 6x33cl",
    "RecentQuanityOfStockUnits": "1",
    "AlcoholVolume": "8",
    "FicCode": "E",
    "DepositValue": [
      0.6
    ],
    "EcoscoreValue": "37"
  },
  {
    "technicalArticleNumber": "5345",
    "commercialArticleNumber": "5345",
    "gtin": [
      "00000025053456",
      "05400141053456",
      "05411663002716"
    ],
    "productId": "400",
    "name": "Classic 10,5%",
    "description": "*Bi\u00e8re sp\u00e9ciale\n*10,5 % vol",
    "brand": "GULDEN DRAAK",
    "seoBrand": "Gulden Draak",
    "thumbNail": "https://static.colruytgroup.com/images/200x200/std.lang.all/87/81/asset-1838781.jpg",
    "fullImage": "https://static.colruytgroup.com/images/500x500/std.lang.all/87/81/asset-1838781.jpg",
    "squareImage": "https://static.colruytgroup.com/images/500x500sq/std.lang.all/87/81/asset-1838781.jpg",
    "content": "6x33cl",
    "price": {
      "basicPrice": 10.48,
      "recommendedQuantity": "1.0",
      "measurementUnitPrice": 5.3,
      "measurementUnit": "L",
      "isRedPrice": false,
      "pricePerUOM": 5.3,
      "activationDate": "07-05-2025",
      "recordSource": "Offline",
      "isPromoActive": "N",
      "priceChangeCode": "E",
      "priceReason": "Reaction"
    },
    "isPriceAvailable": true,
    "channelAvailability": [
      "8_BE_STORE",
      "8_BE_COLLECT_NEXT_DAY",
      "8_BE_HOME_DELIVERY_DRIVER"
    ],
    "businessDomain": "RETAIL_BE",
    "walkRouteSequenceNumber": 3881,
    "isAvailable": true,
    "inPromo": false,
    "topCategoryName": "Boissons",
    "topCategoryId": "354",
    "categories": [
      {
        "name": "Boissons",
        "id": "354",
        "children": [
          {
            "name": "Bi\u00e8res",
            "id": "389",
            "children": [
              {
                "name": "Bi\u00e8re brune et forte",
                "id": "1848"
              }
            ]
          }
        ]
      }
    ],
    "IsPrivateLabel": false,
    "amount": 1.98,
    "IsBiffe": false,
    "foodPairing": [
      "Viande rouge",
      "Gibier",
      "Fromages forts",
      "Desserts"
    ],
    "IsWeightArticle": false,
    "WeightconversionFactor": "0",
    "IsBio": false,
    "CountryOfOrigin": "BELGIQUE",
    "IsExclusivelySoldInLuxembourg": false,
    "OrderUnit": "P",
    "AlcoholDisclaimermsg": true,
    "ShortName": "GULDEN DRAAK 6X33CL",
    "IsNew": false,
    "amountUnit": "kg",
    "CountryOfOriginISO": "BE",
    "ShowAlcoholLegalMsg": true,
    "LongName": "GULDEN DRAAK Classic 10,5% 6x33cl",
    "RecentQuanityOfStockUnits": "1",
    "AlcoholVolume": "10.5",
    "FicCode": "E",
    "DepositValue": [
      0.6
    ]
  },
  {
    "technicalArticleNumber": "1466006",
    "commercialArticleNumber": "7777",
    "gtin": [
      "05413977002017",
      "05413977000013",
      "05400141077773"
    ],
    "productId": "15087",
    "name": "bi\u00e8re abbaye blonde 6%",
    "description": "*Bi\u00e8re d'abbaye\n*6 % vol\n*Referment. en bout.",
    "brand": "VAL-DIEU",
    "seoBrand": "Val-Dieu",
    "thumbNail": "https://static.colruytgroup.com/images/200x200/std.lang.all/87/82/asset-1838782.jpg",
    "fullImage": "https://static.colruytgroup.com/images/500x500/std.lang.all/87/82/asset-1838782.jpg",
    "squareImage": "https://static.colruytgroup.com/images/500x500sq/std.lang.all/87/82/asset-1838782.jpg",
    "content": "6x33cl",
    "price": {
      "basicPrice": 10.48,
      "recommendedQuantity": "1.0",
      "quantityPrice": 9.64,
      "quantityPriceQuantity": "3.0",
      "measurementUnitPrice": 5.3,
      "measurementUnitQuantityPrice": 4.87,
      "measurementUnit": "L",
      "isRedPrice": false,
      "pricePerUOM": 5.3,
      "activationDate": "30-05-2025",
      "recordSource": "Offline",
      "isPromoActive": "N",
      "priceChangeCode": "E",
      "quantityPricePerUOM": 4.87,
      "quantityActivationDate": "30-05-2025",
      "quantityPriceChangeCode": "H",
      "priceReason": "Reaction"
    },
    "isPriceAvailable": true,
    "channelAvailability": [
      "3_BE_STORE",
      "8_BE_STORE",
      "8_LU_STORE",
      "8_BE_COLLECT_NEXT_DAY",
      "8_BE_HOME_DELIVERY_DRIVER"
    ],
    "businessDomain": "RETAIL_BE",
    "walkRouteSequenceNumber": 3826,
    "isAvailable": true,
    "inPromo": false,
    "topCategoryName": "Boissons",
    "topCategoryId": "354",
    "categories": [
      {
        "name": "Boissons",
        "id": "354",
        "children": [
          {
            "name": "Bi\u00e8res",
            "id": "389",
            "children": [
              {
                "name": "Bi\u00e8re d'Abbaye, Trappiste blonde & amb",
                "id": "391"
              }
            ]
          }
        ]
      }
    ],
    "IsPrivateLabel": false,
    "amount": 1.98,
    "IsBiffe": false,
    "foodPairing": [
      "Crustac\u00e9s",
      "Volaille",
      "Viande rouge",
      "Viande blanche",
      "Desserts",
      "Poisson",
      "Gibier",
      "Fromages forts",
      "Veggie"
    ],
    "IsWeightArticle": false,
    "WeightconversionFactor": "0",
    "IsBio": false,
    "CountryOfOrigin": "BELGIQUE",
    "IsExclusivelySoldInLuxembourg": false,
    "OrderUnit": "P",
    "AlcoholDisclaimermsg": true,
    "ShortName": "RE VALD BLONDE 6X33CL",
    "IsNew": false,
    "amountUnit": "kg",
    "CountryOfOriginISO": "BE",
    "EcoscoreLabel": "D",
    "ShowAlcoholLegalMsg": true,
    "LongName": "VAL-DIEU bi\u00e8re abbaye blonde 6% 6x33cl",
    "RecentQuanityOfStockUnits": "1",
    "AlcoholVolume": "6",
    "FicCode": "I",
    "DepositValue": [
      0.6
    ],
    "EcoscoreValue": "37"
  },
  {
    "technicalArticleNumber": "3654688",
    "commercialArticleNumber": "41787",
    "gtin": [
      "05400141030310",
      "05412186002436"
    ],
    "productId": "284574",
    "name": "Red 8%",
    "description": "*8 % vol\n*Go\u00fbt fruit\u00e9\n*Bonne bi\u00e8re de\ndessert",
    "brand": "DELIRIUM",
    "seoBrand": "Delirium",
    "thumbNail": "https://static.colruytgroup.com/images/200x200/std.lang.all/17/66/asset-2661766.jpg",
    "fullImage": "https://static.colruytgroup.com/images/500x500/std.lang.all/17/66/asset-2661766.jpg",
    "squareImage": "https://static.colruytgroup.com/images/500x500sq/std.lang.all/17/66/asset-2661766.jpg",
    "content": "6x33cl",
    "price": {
      "basicPrice": 10.48,
      "recommendedQuantity": "1.0",
      "quantityPrice": 10.06,
      "quantityPriceQuantity": "3.0",
      "measurementUnitPrice": 5.3,
      "measurementUnitQuantityPrice": 5.09,
      "measurementUnit": "L",
      "isRedPrice": false,
      "pricePerUOM": 5.3,
      "activationDate": "04-06-2025",
      "isPromoActive": "Y",
      "priceChangeCode": "E",
      "quantityPricePerUOM": 5.09,
      "quantityActivationDate": "04-06-2025",
      "quantityPriceChangeCode": "E",
      "priceReason": "Promo"
    },
    "isPriceAvailable": true,
    "channelAvailability": [
      "8_BE_STORE",
      "8_LU_STORE",
      "8_BE_COLLECT_NEXT_DAY",
      "8_BE_HOME_DELIVERY_DRIVER"
    ],
    "businessDomain": "RETAIL_BE",
    "walkRouteSequenceNumber": 4068,
    "isAvailable": true,
    "inPromo": false,
    "topCategoryName": "Boissons",
    "topCategoryId": "354",
    "categories": [
      {
        "name": "Boissons",
        "id": "354",
        "children": [
          {
            "name": "Bi\u00e8res",
            "id": "389",
            "children": [
              {
                "name": "Bi\u00e8re blanche, bi\u00e8re aux fruits et bi",
                "id": "395"
              }
            ]
          }
        ]
      }
    ],
    "IsPrivateLabel": false,
    "amount": 1.98,
    "IsBiffe": false,
    "foodPairing": [
      "Ap\u00e9ritif",
      "Volaille",
      "Salade",
      "Poisson",
      "Gibier",
      "Desserts"
    ],
    "IsWeightArticle": false,
    "WeightconversionFactor": "0",
    "IsBio": false,
    "CountryOfOrigin": "BELGIQUE",
    "IsExclusivelySoldInLuxembourg": false,
    "OrderUnit": "P",
    "AlcoholDisclaimermsg": true,
    "ShortName": "DELIRIUM RED 6X33CL",
    "IsNew": false,
    "amountUnit": "kg",
    "CountryOfOriginISO": "BE",
    "EcoscoreLabel": "D",
    "ShowAlcoholLegalMsg": true,
    "LongName": "DELIRIUM Red 8% 6x33cl",
    "RecentQuanityOfStockUnits": "1",
    "AlcoholVolume": "8",
    "FicCode": "I",
    "DepositValue": [
      1.8
    ],
    "EcoscoreValue": "37"
  },
  {
    "technicalArticleNumber": "4860111",
    "commercialArticleNumber": "7952",
    "gtin": [
      "05412186009169",
      "05400141505160"
    ],
    "productId": "1244545",
    "name": "0,3%",
    "brand": "DELIRIO",
    "seoBrand": "Delirio",
    "thumbNail": "https://static.colruytgroup.com/images/200x200/std.lang.all/25/73/asset-3682573.jpg",
    "fullImage": "https://static.colruytgroup.com/images/500x500/std.lang.all/25/73/asset-3682573.jpg",
    "squareImage": "https://static.colruytgroup.com/images/500x500sq/std.lang.all/25/73/asset-3682573.jpg",
    "content": "6x33cl",
    "price": {
      "basicPrice": 10.48,
      "recommendedQuantity": "1.0",
      "quantityPrice": 9.64,
      "quantityPriceQuantity": "3.0",
      "measurementUnitPrice": 5.3,
      "measurementUnitQuantityPrice": 4.87,
      "measurementUnit": "L",
      "isRedPrice": false,
      "pricePerUOM": 5.3,
      "activationDate": "04-06-2025",
      "isPromoActive": "Y",
      "priceChangeCode": "E",
      "quantityPricePerUOM": 4.87,
      "quantityActivationDate": "04-06-2025",
      "quantityPriceChangeCode": "E",
      "priceReason": "Promo"
    },
    "isPriceAvailable": true,
    "channelAvailability": [
      "8_BE_STORE",
      "8_LU_STORE",
      "8_BE_COLLECT_NEXT_DAY",
      "8_BE_HOME_DELIVERY",
      "8_BE_HOME_DELIVERY_DRIVER"
    ],
    "businessDomain": "RETAIL_BE",
    "walkRouteSequenceNumber": 4113,
    "isAvailable": true,
    "inPromo": false,
    "topCategoryName": "Boissons",
    "topCategoryId": "354",
    "categories": [
      {
        "name": "Boissons",
        "id": "354",
        "children": [
          {
            "name": "Bi\u00e8res",
            "id": "389",
            "children": [
              {
                "name": "Bi\u00e8res sans alcool",
                "id": "398"
              }
            ]
          }
        ]
      }
    ],
    "IsPrivateLabel": false,
    "amount": 1.98,
    "IsBiffe": false,
    "foodPairing": [
      "Viande blanche",
      "Veggie",
      "Salade",
      "Volaille",
      "Viande rouge",
      "P\u00e2tes & pizza",
      "Ap\u00e9ritif",
      "Gibier",
      "Fromages forts",
      "Fromages doux",
      "Desserts",
      "Crustac\u00e9s",
      "Barbecue",
      "Poisson"
    ],
    "IsWeightArticle": false,
    "WeightconversionFactor": "0",
    "IsBio": false,
    "CountryOfOrigin": "BELGIQUE",
    "IsExclusivelySoldInLuxembourg": false,
    "OrderUnit": "P",
    "AlcoholDisclaimermsg": false,
    "ShortName": "DELI BIERE 0.3% 6X33CL",
    "IsNew": false,
    "amountUnit": "kg",
    "CountryOfOriginISO": "BE",
    "EcoscoreLabel": "D",
    "ShowAlcoholLegalMsg": false,
    "LongName": "DELIRIO 0,3% 6x33cl",
    "RecentQuanityOfStockUnits": "1",
    "AlcoholVolume": "0.3",
    "FicCode": "E",
    "DepositValue": [
      1.8
    ],
    "EcoscoreValue": "37"
  },
  {
    "technicalArticleNumber": "3855919",
    "commercialArticleNumber": "21889",
    "gtin": [
      "00000054107090",
      "05400141231083"
    ],
    "productId": "353403",
    "name": "tripel d'Anvers",
    "description": "*Bi\u00e8re blonde forte\n*8 % vol\n*Haute fermentation\n*Duvel Moortgat",
    "brand": "DE KONINCK",
    "seoBrand": "De Koninck",
    "thumbNail": "https://static.colruytgroup.com/images/200x200/std.lang.all/54/20/asset-2855420.jpg",
    "fullImage": "https://static.colruytgroup.com/images/500x500/std.lang.all/54/20/asset-2855420.jpg",
    "squareImage": "https://static.colruytgroup.com/images/500x500sq/std.lang.all/54/20/asset-2855420.jpg",
    "content": "6x33cl",
    "price": {
      "basicPrice": 10.48,
      "recommendedQuantity": "1.0",
      "quantityPrice": 5.24,
      "quantityPriceQuantity": "2.0",
      "measurementUnitPrice": 5.3,
      "measurementUnitQuantityPrice": 2.65,
      "measurementUnit": "L",
      "isRedPrice": false,
      "pricePerUOM": 5.3,
      "activationDate": "03-06-2025",
      "recordSource": "Offline",
      "isPromoActive": "N",
      "priceChangeCode": "E",
      "quantityPricePerUOM": 2.65,
      "quantityActivationDate": "03-06-2025",
      "quantityPriceChangeCode": "L",
      "reactPromoConcurrent": true,
      "priceReason": "Reaction"
    },
    "isPriceAvailable": true,
    "channelAvailability": [
      "8_BE_STORE",
      "8_BE_COLLECT_NEXT_DAY",
      "8_BE_HOME_DELIVERY",
      "8_BE_HOME_DELIVERY_DRIVER"
    ],
    "businessDomain": "RETAIL_BE",
    "walkRouteSequenceNumber": 3957,
    "isAvailable": true,
    "inPromo": false,
    "topCategoryName": "Boissons",
    "topCategoryId": "354",
    "categories": [
      {
        "name": "Boissons",
        "id": "354",
        "children": [
          {
            "name": "Bi\u00e8res",
            "id": "389",
            "children": [
              {
                "name": "Blonde, blonde forte et triple b",
                "id": "394"
              }
            ]
          }
        ]
      }
    ],
    "IsPrivateLabel": false,
    "amount": 1.98,
    "IsBiffe": false,
    "foodPairing": [
      "Volaille",
      "Viande rouge",
      "Viande blanche",
      "Poisson",
      "Gibier",
      "Fromages forts",
      "Desserts",
      "Crustac\u00e9s"
    ],
    "IsWeightArticle": false,
    "WeightconversionFactor": "0",
    "IsBio": false,
    "CountryOfOrigin": "BELGIQUE",
    "IsExclusivelySoldInLuxembourg": false,
    "OrderUnit": "P",
    "AlcoholDisclaimermsg": true,
    "ShortName": "RE DKON TRIP.ANV.6X33CL",
    "IsNew": false,
    "amountUnit": "kg",
    "CountryOfOriginISO": "BE",
    "EcoscoreLabel": "C",
    "ShowAlcoholLegalMsg": true,
    "LongName": "DE KONINCK tripel d'Anvers 6x33cl",
    "RecentQuanityOfStockUnits": "1",
    "AlcoholVolume": "8",
    "FicCode": "E",
    "DepositValue": [
      0.6
    ],
    "EcoscoreValue": "55"
  },
  {
    "technicalArticleNumber": "3199099",
    "commercialArticleNumber": "8636",
    "gtin": [
      "05400141123777",
      "05411858000190"
    ],
    "productId": "133584",
    "name": "bi\u00e8re brune 10%",
    "description": "*Bi\u00e8re brune\n*Referment. en bout.\n*Referment. en bout.",
    "brand": "LE FORT",
    "seoBrand": "Le Fort",
    "thumbNail": "https://static.colruytgroup.com/images/200x200/std.lang.all/92/99/asset-2999299.jpg",
    "fullImage": "https://static.colruytgroup.com/images/500x500/std.lang.all/92/99/asset-2999299.jpg",
    "squareImage": "https://static.colruytgroup.com/images/500x500sq/std.lang.all/92/99/asset-2999299.jpg",
    "content": "6x33cl",
    "price": {
      "basicPrice": 10.48,
      "recommendedQuantity": "1.0",
      "measurementUnitPrice": 5.3,
      "measurementUnit": "L",
      "isRedPrice": false,
      "pricePerUOM": 5.3,
      "activationDate": "04-06-2025",
      "recordSource": "Offline",
      "isPromoActive": "N",
      "priceChangeCode": "E",
      "priceReason": "Reaction"
    },
    "isPriceAvailable": true,
    "channelAvailability": [
      "8_BE_STORE",
      "8_BE_COLLECT_NEXT_DAY",
      "8_BE_HOME_DELIVERY",
      "8_BE_HOME_DELIVERY_DRIVER"
    ],
    "businessDomain": "RETAIL_BE",
    "walkRouteSequenceNumber": 3879,
    "isAvailable": true,
    "inPromo": false,
    "topCategoryName": "Boissons",
    "topCategoryId": "354",
    "categories": [
      {
        "name": "Boissons",
        "id": "354",
        "children": [
          {
            "name": "Bi\u00e8res",
            "id": "389",
            "children": [
              {
                "name": "Bi\u00e8re brune et forte",
                "id": "1848"
              }
            ]
          }
        ]
      }
    ],
    "IsPrivateLabel": false,
    "amount": 1.98,
    "IsBiffe": false,
    "foodPairing": [
      "Viande rouge",
      "Gibier",
      "Fromages forts",
      "Desserts"
    ],
    "IsWeightArticle": false,
    "WeightconversionFactor": "0",
    "IsBio": false,
    "CountryOfOrigin": "BELGIQUE",
    "IsExclusivelySoldInLuxembourg": false,
    "OrderUnit": "P",
    "AlcoholDisclaimermsg": true,
    "ShortName": "LE FORT BRUNE 6X33CL",
    "IsNew": false,
    "amountUnit": "kg",
    "CountryOfOriginISO": "BE",
    "ShowAlcoholLegalMsg": true,
    "LongName": "LE FORT bi\u00e8re brune 10% 6x33cl",
    "RecentQuanityOfStockUnits": "1",
    "AlcoholVolume": "10",
    "FicCode": "E",
    "DepositValue": [
      0.6
    ]
  },
  {
    "technicalArticleNumber": "4892556",
    "commercialArticleNumber": "10452",
    "productId": "1268395",
    "name": "0,3%+verre",
    "description": "*Bi\u00e8re sans alcool\n*0,3% vol",
    "brand": "DELIRIO",
    "seoBrand": "Delirio",
    "thumbNail": "https://static.colruytgroup.com/images/200x200/std.lang.all/68/86/asset-3816886.jpg",
    "fullImage": "https://static.colruytgroup.com/images/500x500/std.lang.all/68/86/asset-3816886.jpg",
    "squareImage": "https://static.colruytgroup.com/images/500x500sq/std.lang.all/68/86/asset-3816886.jpg",
    "content": "6x33cl",
    "price": {
      "basicPrice": 10.48,
      "recommendedQuantity": "1.0",
      "quantityPrice": 9.64,
      "quantityPriceQuantity": "3.0",
      "measurementUnitPrice": 5.3,
      "measurementUnitQuantityPrice": 4.87,
      "measurementUnit": "L",
      "isRedPrice": false,
      "pricePerUOM": 5.3,
      "activationDate": "04-06-2025",
      "isPromoActive": "Y",
      "priceChangeCode": "E",
      "quantityPricePerUOM": 4.87,
      "quantityActivationDate": "04-06-2025",
      "quantityPriceChangeCode": "E",
      "priceReason": "Promo"
    },
    "isPriceAvailable": true,
    "channelAvailability": [
      "8_BE_STORE",
      "8_LU_STORE",
      "8_BE_COLLECT_NEXT_DAY",
      "8_BE_HOME_DELIVERY",
      "8_BE_HOME_DELIVERY_DRIVER"
    ],
    "businessDomain": "RETAIL_BE",
    "walkRouteSequenceNumber": 4114,
    "isAvailable": true,
    "inPromo": false,
    "topCategoryName": "Boissons",
    "topCategoryId": "354",
    "categories": [
      {
        "name": "Boissons",
        "id": "354",
        "children": [
          {
            "name": "Bi\u00e8res",
            "id": "389",
            "children": [
              {
                "name": "Bi\u00e8res 75cl, Emballages Cadeaux",
                "id": "1066"
              }
            ]
          }
        ]
      }
    ],
    "IsPrivateLabel": false,
    "amount": 1.98,
    "IsBiffe": false,
    "foodPairing": [
      "Crustac\u00e9s",
      "Barbecue",
      "Ap\u00e9ritif",
      "Volaille",
      "Viande rouge",
      "Viande blanche",
      "Veggie",
      "Salade",
      "P\u00e2tes & pizza",
      "Poisson",
      "Gibier",
      "Fromages forts",
      "Fromages doux",
      "Desserts"
    ],
    "IsWeightArticle": false,
    "WeightconversionFactor": "0",
    "IsBio": false,
    "CountryOfOrigin": "BELGIQUE",
    "IsExclusivelySoldInLuxembourg": false,
    "OrderUnit": "P",
    "AlcoholDisclaimermsg": false,
    "ShortName": "DELI 0.3%+VERRE 6X33CL",
    "IsNew": false,
    "amountUnit": "kg",
    "CountryOfOriginISO": "BE",
    "EcoscoreLabel": "D",
    "ShowAlcoholLegalMsg": false,
    "LongName": "DELIRIO 0,3%+verre 6x33cl",
    "RecentQuanityOfStockUnits": "1",
    "AlcoholVolume": "0.3",
    "FicCode": "E",
    "DepositValue": [
      1.8
    ],
    "EcoscoreValue": "37"
  },
  {
    "technicalArticleNumber": "4892603",
    "commercialArticleNumber": "10610",
    "gtin": [
      "05400141690019"
    ],
    "productId": "1268432",
    "name": "Red 8%+verre",
    "description": "*8 % vol\n*Go\u00fbt fruit\u00e9\n*Bonne bi\u00e8re de\ndessert",
    "brand": "DELIRIUM",
    "seoBrand": "Delirium",
    "thumbNail": "https://static.colruytgroup.com/images/200x200/std.lang.all/68/87/asset-3816887.jpg",
    "fullImage": "https://static.colruytgroup.com/images/500x500/std.lang.all/68/87/asset-3816887.jpg",
    "squareImage": "https://static.colruytgroup.com/images/500x500sq/std.lang.all/68/87/asset-3816887.jpg",
    "content": "6x33cl",
    "price": {
      "basicPrice": 10.48,
      "recommendedQuantity": "1.0",
      "quantityPrice": 10.06,
      "quantityPriceQuantity": "3.0",
      "measurementUnitPrice": 5.3,
      "measurementUnitQuantityPrice": 5.09,
      "measurementUnit": "L",
      "isRedPrice": false,
      "pricePerUOM": 5.3,
      "activationDate": "04-06-2025",
      "isPromoActive": "Y",
      "priceChangeCode": "E",
      "quantityPricePerUOM": 5.09,
      "quantityActivationDate": "04-06-2025",
      "quantityPriceChangeCode": "E",
      "priceReason": "Promo"
    },
    "isPriceAvailable": true,
    "channelAvailability": [
      "8_BE_STORE",
      "8_LU_STORE",
      "8_BE_COLLECT_NEXT_DAY",
      "8_BE_HOME_DELIVERY_DRIVER"
    ],
    "businessDomain": "RETAIL_BE",
    "walkRouteSequenceNumber": 4069,
    "isAvailable": true,
    "inPromo": false,
    "topCategoryName": "Boissons",
    "topCategoryId": "354",
    "categories": [
      {
        "name": "Boissons",
        "id": "354",
        "children": [
          {
            "name": "Bi\u00e8res",
            "id": "389",
            "children": [
              {
                "name": "Bi\u00e8res 75cl, Emballages Cadeaux",
                "id": "1066"
              }
            ]
          }
        ]
      }
    ],
    "IsPrivateLabel": false,
    "amount": 1.98,
    "IsBiffe": false,
    "foodPairing": [
      "Volaille",
      "Salade",
      "Poisson",
      "Gibier",
      "Desserts",
      "Ap\u00e9ritif"
    ],
    "IsWeightArticle": false,
    "WeightconversionFactor": "0",
    "IsBio": false,
    "CountryOfOrigin": "BELGIQUE",
    "IsExclusivelySoldInLuxembourg": false,
    "OrderUnit": "P",
    "AlcoholDisclaimermsg": true,
    "ShortName": "DELI RED 8%+VERRE6X33CL",
    "IsNew": false,
    "amountUnit": "kg",
    "CountryOfOriginISO": "BE",
    "EcoscoreLabel": "D",
    "ShowAlcoholLegalMsg": true,
    "LongName": "DELIRIUM Red 8%+verre 6x33cl",
    "RecentQuanityOfStockUnits": "1",
    "AlcoholVolume": "8",
    "FicCode": "I",
    "DepositValue": [
      1.8
    ],
    "EcoscoreValue": "37"
  },
  {
    "technicalArticleNumber": "1466010",
    "commercialArticleNumber": "7779",
    "gtin": [
      "05400141077797",
      "05413977002031",
      "05413977000037"
    ],
    "productId": "15090",
    "name": "bi\u00e8re abbaye triple 9%",
    "description": "*Bi\u00e8re d'abbaye\n*9 % vol\n*Referment. en bout.",
    "brand": "VAL-DIEU",
    "seoBrand": "Val-Dieu",
    "thumbNail": "https://static.colruytgroup.com/images/200x200/std.lang.all/87/84/asset-1838784.jpg",
    "fullImage": "https://static.colruytgroup.com/images/500x500/std.lang.all/87/84/asset-1838784.jpg",
    "squareImage": "https://static.colruytgroup.com/images/500x500sq/std.lang.all/87/84/asset-1838784.jpg",
    "content": "6x33cl",
    "price": {
      "basicPrice": 10.49,
      "recommendedQuantity": "1.0",
      "quantityPrice": 10.07,
      "quantityPriceQuantity": "3.0",
      "measurementUnitPrice": 5.3,
      "measurementUnitQuantityPrice": 5.09,
      "measurementUnit": "L",
      "isRedPrice": false,
      "pricePerUOM": 5.3,
      "activationDate": "30-05-2025",
      "isPromoActive": "N",
      "priceChangeCode": "E",
      "quantityPricePerUOM": 5.09,
      "quantityActivationDate": "30-05-2025",
      "quantityPriceChangeCode": "H",
      "priceReason": "Market"
    },
    "isPriceAvailable": true,
    "channelAvailability": [
      "8_BE_STORE",
      "8_LU_STORE",
      "8_BE_COLLECT_NEXT_DAY",
      "8_BE_HOME_DELIVERY_DRIVER"
    ],
    "businessDomain": "RETAIL_BE",
    "walkRouteSequenceNumber": 3825,
    "isAvailable": true,
    "inPromo": false,
    "topCategoryName": "Boissons",
    "topCategoryId": "354",
    "categories": [
      {
        "name": "Boissons",
        "id": "354",
        "children": [
          {
            "name": "Bi\u00e8res",
            "id": "389",
            "children": [
              {
                "name": "Bi\u00e8re d'Abbaye, Trappiste blonde & amb",
                "id": "391"
              }
            ]
          }
        ]
      }
    ],
    "IsPrivateLabel": false,
    "amount": 1.98,
    "IsBiffe": false,
    "foodPairing": [
      "Fromages forts",
      "Desserts",
      "Crustac\u00e9s",
      "Gibier",
      "Volaille",
      "Veggie",
      "Viande blanche",
      "Viande rouge",
      "Poisson"
    ],
    "IsWeightArticle": false,
    "WeightconversionFactor": "0",
    "IsBio": false,
    "CountryOfOrigin": "BELGIQUE",
    "IsExclusivelySoldInLuxembourg": false,
    "OrderUnit": "P",
    "AlcoholDisclaimermsg": true,
    "ShortName": "RE VALD TRIPLE 6X33CL",
    "IsNew": false,
    "amountUnit": "kg",
    "CountryOfOriginISO": "BE",
    "EcoscoreLabel": "D",
    "ShowAlcoholLegalMsg": true,
    "LongName": "VAL-DIEU bi\u00e8re abbaye triple 9% 6x33cl",
    "RecentQuanityOfStockUnits": "1",
    "AlcoholVolume": "9",
    "FicCode": "E",
    "DepositValue": [
      0.6
    ],
    "EcoscoreValue": "37"
  },
  {
    "technicalArticleNumber": "3692512",
    "commercialArticleNumber": "16087",
    "gtin": [
      "05411681401782",
      "05411681401775",
      "05400141033366"
    ],
    "productId": "292248",
    "name": "bi\u00e8re ambr\u00e9e 5,5%vol",
    "description": "*Bi\u00e8re ambr\u00e9e de\nhaute fermentation\n*5,5 % vol\n*Referment. en bout.",
    "brand": "VEDETT IPA",
    "seoBrand": "Vedett",
    "thumbNail": "https://static.colruytgroup.com/images/200x200/std.lang.all/12/41/asset-1231241.jpg",
    "fullImage": "https://static.colruytgroup.com/images/500x500/std.lang.all/12/41/asset-1231241.jpg",
    "squareImage": "https://static.colruytgroup.com/images/500x500sq/std.lang.all/12/41/asset-1231241.jpg",
    "content": "6x33cl",
    "price": {
      "basicPrice": 10.72,
      "recommendedQuantity": "1.0",
      "quantityPrice": 10.29,
      "quantityPriceQuantity": "3.0",
      "measurementUnitPrice": 5.42,
      "measurementUnitQuantityPrice": 5.2,
      "measurementUnit": "L",
      "isRedPrice": false,
      "pricePerUOM": 5.42,
      "activationDate": "27-05-2025",
      "recordSource": "Offline",
      "isPromoActive": "N",
      "priceChangeCode": "H",
      "quantityPricePerUOM": 5.2,
      "quantityActivationDate": "27-05-2025",
      "quantityPriceChangeCode": "H",
      "priceReason": "Reaction"
    },
    "isPriceAvailable": true,
    "channelAvailability": [
      "8_BE_STORE",
      "8_LU_STORE",
      "8_BE_COLLECT_NEXT_DAY",
      "8_BE_HOME_DELIVERY",
      "8_BE_HOME_DELIVERY_DRIVER"
    ],
    "businessDomain": "RETAIL_BE",
    "walkRouteSequenceNumber": 3953,
    "isAvailable": true,
    "inPromo": false,
    "topCategoryName": "Boissons",
    "topCategoryId": "354",
    "categories": [
      {
        "name": "Boissons",
        "id": "354",
        "children": [
          {
            "name": "Bi\u00e8res",
            "id": "389",
            "children": [
              {
                "name": "Blonde, blonde forte et triple b",
                "id": "394"
              }
            ]
          }
        ]
      }
    ],
    "IsPrivateLabel": false,
    "amount": 1.98,
    "IsBiffe": false,
    "foodPairing": [
      "Volaille",
      "Veggie",
      "Salade",
      "Barbecue",
      "Fromages doux",
      "Desserts",
      "Crustac\u00e9s",
      "P\u00e2tes & pizza"
    ],
    "IsWeightArticle": false,
    "WeightconversionFactor": "0",
    "IsBio": false,
    "CountryOfOrigin": "BELGIQUE",
    "IsExclusivelySoldInLuxembourg": false,
    "OrderUnit": "P",
    "AlcoholDisclaimermsg": true,
    "ShortName": "VEDETT IPA 6X33CL",
    "IsNew": false,
    "amountUnit": "kg",
    "CountryOfOriginISO": "BE",
    "EcoscoreLabel": "D",
    "ShowAlcoholLegalMsg": true,
    "LongName": "VEDETT IPA bi\u00e8re ambr\u00e9e 5,5%vol 6x33cl",
    "RecentQuanityOfStockUnits": "1",
    "AlcoholVolume": "5.5",
    "FicCode": "E",
    "DepositValue": [
      0.6
    ],
    "EcoscoreValue": "37"
  },
  {
    "technicalArticleNumber": "3634454",
    "commercialArticleNumber": "19837",
    "gtin": [
      "05400141029918",
      "05410702030833"
    ],
    "productId": "268830",
    "name": "5,5% Bio",
    "description": "*Bi\u00e8re sp\u00e9ciale\n*5,5 % vol\n*Referment. en bout.",
    "brand": "SAISON DUPONT",
    "seoBrand": "Saison Dupont",
    "thumbNail": "https://static.colruytgroup.com/images/200x200/std.lang.all/86/21/asset-3038621.jpg",
    "fullImage": "https://static.colruytgroup.com/images/500x500/std.lang.all/86/21/asset-3038621.jpg",
    "squareImage": "https://static.colruytgroup.com/images/500x500sq/std.lang.all/86/21/asset-3038621.jpg",
    "content": "6x33cl",
    "price": {
      "basicPrice": 10.73,
      "recommendedQuantity": "1.0",
      "quantityPrice": 10.3,
      "quantityPriceQuantity": "3.0",
      "measurementUnitPrice": 5.42,
      "measurementUnitQuantityPrice": 5.21,
      "measurementUnit": "L",
      "isRedPrice": false,
      "pricePerUOM": 5.42,
      "activationDate": "30-05-2025",
      "isPromoActive": "N",
      "priceChangeCode": "H",
      "quantityPricePerUOM": 5.21,
      "quantityActivationDate": "30-05-2025",
      "quantityPriceChangeCode": "H",
      "priceReason": "Market"
    },
    "isPriceAvailable": true,
    "channelAvailability": [
      "8_BE_STORE",
      "8_BE_COLLECT_NEXT_DAY",
      "8_BE_HOME_DELIVERY_DRIVER"
    ],
    "businessDomain": "RETAIL_BE",
    "walkRouteSequenceNumber": 4027,
    "isAvailable": true,
    "inPromo": false,
    "topCategoryName": "Boissons",
    "topCategoryId": "354",
    "categories": [
      {
        "name": "Boissons",
        "id": "354",
        "children": [
          {
            "name": "Bi\u00e8res",
            "id": "389",
            "children": [
              {
                "name": "Rouge brune, saison, gueuze, bi\u00e8re ambr",
                "id": "393"
              }
            ]
          }
        ]
      }
    ],
    "IsPrivateLabel": false,
    "amount": 1.98,
    "IsBiffe": false,
    "foodPairing": [
      "Barbecue",
      "Desserts",
      "Crustac\u00e9s",
      "Ap\u00e9ritif",
      "Viande rouge",
      "Viande blanche",
      "Poisson",
      "P\u00e2tes & pizza",
      "Salade",
      "Veggie",
      "Fromages forts"
    ],
    "IsWeightArticle": false,
    "WeightconversionFactor": "0",
    "IsBio": true,
    "CountryOfOrigin": "BELGIQUE",
    "IsExclusivelySoldInLuxembourg": false,
    "OrderUnit": "P",
    "AlcoholDisclaimermsg": true,
    "ShortName": "RE SAISON BIO 6X33CL",
    "IsNew": false,
    "amountUnit": "kg",
    "CountryOfOriginISO": "BE",
    "EcoscoreLabel": "D",
    "ShowAlcoholLegalMsg": true,
    "LongName": "SAISON DUPONT 5,5% Bio 6x33cl",
    "RecentQuanityOfStockUnits": "1",
    "AlcoholVolume": "5.5",
    "FicCode": "E",
    "DepositValue": [
      0.6
    ],
    "EcoscoreValue": "37"
  },
  {
    "technicalArticleNumber": "4730904",
    "commercialArticleNumber": "32244",
    "gtin": [
      "05411081009847",
      "05400141512496",
      "05411081009854"
    ],
    "productId": "875973",
    "name": "Rubus Framboise 7,0%",
    "description": "*Bi\u00e8re fruit\u00e9e\n*Framboise\n*7,0% vol",
    "brand": "KASTEEL",
    "seoBrand": "Kasteel",
    "thumbNail": "https://static.colruytgroup.com/images/200x200/std.lang.all/54/49/asset-3225449.jpg",
    "fullImage": "https://static.colruytgroup.com/images/500x500/std.lang.all/54/49/asset-3225449.jpg",
    "squareImage": "https://static.colruytgroup.com/images/500x500sq/std.lang.all/54/49/asset-3225449.jpg",
    "content": "6x33cl",
    "price": {
      "basicPrice": 10.74,
      "recommendedQuantity": "1.0",
      "quantityPrice": 10.31,
      "quantityPriceQuantity": "3.0",
      "measurementUnitPrice": 5.43,
      "measurementUnitQuantityPrice": 5.21,
      "measurementUnit": "L",
      "isRedPrice": false,
      "pricePerUOM": 5.43,
      "activationDate": "04-06-2025",
      "recordSource": "Offline",
      "isPromoActive": "N",
      "priceChangeCode": "E",
      "quantityPricePerUOM": 5.21,
      "quantityActivationDate": "04-06-2025",
      "quantityPriceChangeCode": "E",
      "priceReason": "Reaction"
    },
    "isPriceAvailable": true,
    "channelAvailability": [
      "8_BE_STORE",
      "8_BE_COLLECT_NEXT_DAY",
      "8_BE_HOME_DELIVERY",
      "8_BE_HOME_DELIVERY_DRIVER"
    ],
    "businessDomain": "RETAIL_BE",
    "walkRouteSequenceNumber": 4023,
    "isAvailable": true,
    "inPromo": false,
    "topCategoryName": "Boissons",
    "topCategoryId": "354",
    "categories": [
      {
        "name": "Boissons",
        "id": "354",
        "children": [
          {
            "name": "Bi\u00e8res",
            "id": "389",
            "children": [
              {
                "name": "Bi\u00e8re blanche, bi\u00e8re aux fruits et bi",
                "id": "395"
              }
            ]
          }
        ]
      }
    ],
    "IsPrivateLabel": false,
    "amount": 1.98,
    "IsBiffe": false,
    "foodPairing": [
      "Ap\u00e9ritif",
      "Barbecue",
      "Fromages doux",
      "Gibier",
      "P\u00e2tes & pizza",
      "Veggie",
      "Viande blanche",
      "Viande rouge",
      "Volaille",
      "Salade"
    ],
    "IsWeightArticle": false,
    "WeightconversionFactor": "0",
    "IsBio": false,
    "CountryOfOrigin": "BELGIQUE",
    "IsExclusivelySoldInLuxembourg": false,
    "OrderUnit": "P",
    "AlcoholDisclaimermsg": true,
    "ShortName": "KAST RUBUS FRAMB.6X33CL",
    "IsNew": false,
    "amountUnit": "kg",
    "CountryOfOriginISO": "BE",
    "EcoscoreLabel": "D",
    "ShowAlcoholLegalMsg": true,
    "LongName": "KASTEEL Rubus Framboise 7,0% 6x33cl",
    "RecentQuanityOfStockUnits": "1",
    "AlcoholVolume": "7",
    "FicCode": "E",
    "DepositValue": [
      0.6
    ],
    "EcoscoreValue": "37"
  },
  {
    "technicalArticleNumber": "2489454",
    "commercialArticleNumber": "38087",
    "gtin": [
      "05411551300818",
      "05400141005714"
    ],
    "productId": "42662",
    "name": "Caract\u00e8re 12,0%vol",
    "description": "*Bi\u00e8re ambr\u00e9e\n*12 % vol",
    "brand": "BUSH",
    "seoBrand": "Bush",
    "thumbNail": "https://static.colruytgroup.com/images/200x200/std.lang.all/90/66/asset-1779066.jpg",
    "fullImage": "https://static.colruytgroup.com/images/500x500/std.lang.all/90/66/asset-1779066.jpg",
    "squareImage": "https://static.colruytgroup.com/images/500x500sq/std.lang.all/90/66/asset-1779066.jpg",
    "content": "6x33cl",
    "price": {
      "basicPrice": 11.08,
      "recommendedQuantity": "1.0",
      "quantityPrice": 10.64,
      "quantityPriceQuantity": "3.0",
      "measurementUnitPrice": 5.6,
      "measurementUnitQuantityPrice": 5.38,
      "measurementUnit": "L",
      "isRedPrice": false,
      "pricePerUOM": 5.6,
      "activationDate": "30-05-2025",
      "recordSource": "Offline",
      "isPromoActive": "N",
      "priceChangeCode": "H",
      "quantityPricePerUOM": 5.38,
      "quantityActivationDate": "30-05-2025",
      "quantityPriceChangeCode": "H",
      "priceReason": "Reaction"
    },
    "isPriceAvailable": true,
    "channelAvailability": [
      "3_BE_STORE",
      "8_BE_STORE",
      "8_LU_STORE",
      "8_BE_COLLECT_NEXT_DAY",
      "8_BE_HOME_DELIVERY",
      "8_BE_HOME_DELIVERY_DRIVER"
    ],
    "businessDomain": "RETAIL_BE",
    "walkRouteSequenceNumber": 4026,
    "isAvailable": true,
    "inPromo": false,
    "topCategoryName": "Boissons",
    "topCategoryId": "354",
    "categories": [
      {
        "name": "Boissons",
        "id": "354",
        "children": [
          {
            "name": "Bi\u00e8res",
            "id": "389",
            "children": [
              {
                "name": "Rouge brune, saison, gueuze, bi\u00e8re ambr",
                "id": "393"
              }
            ]
          }
        ]
      }
    ],
    "IsPrivateLabel": false,
    "amount": 1.98,
    "IsBiffe": false,
    "foodPairing": [
      "Viande rouge",
      "Barbecue",
      "Crustac\u00e9s",
      "Desserts",
      "Fromages forts",
      "Poisson",
      "P\u00e2tes & pizza",
      "Veggie",
      "Volaille",
      "Ap\u00e9ritif",
      "Viande blanche"
    ],
    "IsWeightArticle": false,
    "WeightconversionFactor": "0",
    "IsBio": false,
    "CountryOfOrigin": "BELGIQUE",
    "IsExclusivelySoldInLuxembourg": false,
    "OrderUnit": "P",
    "AlcoholDisclaimermsg": true,
    "ShortName": "BUSH CARACTERE 6X33CL",
    "IsNew": false,
    "amountUnit": "kg",
    "CountryOfOriginISO": "BE",
    "EcoscoreLabel": "D",
    "ShowAlcoholLegalMsg": true,
    "LongName": "BUSH Caract\u00e8re 12,0%vol 6x33cl",
    "RecentQuanityOfStockUnits": "1",
    "AlcoholVolume": "12",
    "FicCode": "E",
    "DepositValue": [
      0.6
    ],
    "EcoscoreValue": "37"
  },
  {
    "technicalArticleNumber": "2174648",
    "commercialArticleNumber": "6119",
    "gtin": [
      "05400141061192",
      "00000054004009"
    ],
    "productId": "53762",
    "name": "scotch Ale 8,0%vol",
    "description": "*Bi\u00e8re anglaise\n*8 % vol",
    "brand": "GORDON",
    "seoBrand": "Gordon",
    "thumbNail": "https://static.colruytgroup.com/images/200x200/std.lang.all/88/04/asset-3378804.jpg",
    "fullImage": "https://static.colruytgroup.com/images/500x500/std.lang.all/88/04/asset-3378804.jpg",
    "squareImage": "https://static.colruytgroup.com/images/500x500sq/std.lang.all/88/04/asset-3378804.jpg",
    "content": "6x33cl",
    "price": {
      "basicPrice": 11.23,
      "recommendedQuantity": "1.0",
      "quantityPrice": 10.78,
      "quantityPriceQuantity": "3.0",
      "measurementUnitPrice": 5.68,
      "measurementUnitQuantityPrice": 5.45,
      "measurementUnit": "L",
      "isRedPrice": false,
      "pricePerUOM": 5.68,
      "activationDate": "20-05-2025",
      "recordSource": "Offline",
      "isPromoActive": "N",
      "priceChangeCode": "H",
      "quantityPricePerUOM": 5.45,
      "quantityActivationDate": "20-05-2025",
      "quantityPriceChangeCode": "H",
      "priceReason": "Reaction"
    },
    "isPriceAvailable": true,
    "channelAvailability": [
      "3_BE_STORE",
      "8_BE_STORE",
      "8_LU_STORE",
      "8_BE_COLLECT_NEXT_DAY",
      "8_BE_HOME_DELIVERY",
      "8_BE_HOME_DELIVERY_DRIVER"
    ],
    "businessDomain": "RETAIL_BE",
    "walkRouteSequenceNumber": 3886,
    "isAvailable": true,
    "inPromo": false,
    "topCategoryName": "Boissons",
    "topCategoryId": "354",
    "categories": [
      {
        "name": "Boissons",
        "id": "354",
        "children": [
          {
            "name": "Bi\u00e8res",
            "id": "389",
            "children": [
              {
                "name": "Bi\u00e8re brune et forte",
                "id": "1848"
              }
            ]
          }
        ]
      }
    ],
    "IsPrivateLabel": false,
    "amount": 1.98,
    "IsBiffe": false,
    "foodPairing": [
      "Fromages forts",
      "Desserts",
      "Viande rouge",
      "Gibier"
    ],
    "IsWeightArticle": false,
    "WeightconversionFactor": "0",
    "IsBio": false,
    "CountryOfOrigin": "BELGIQUE",
    "IsExclusivelySoldInLuxembourg": false,
    "OrderUnit": "P",
    "AlcoholDisclaimermsg": true,
    "ShortName": "GORDON SCOTCH 6X33CL",
    "IsNew": false,
    "amountUnit": "kg",
    "CountryOfOriginISO": "BE",
    "EcoscoreLabel": "D",
    "ShowAlcoholLegalMsg": true,
    "LongName": "GORDON scotch Ale 8,0%vol 6x33cl",
    "RecentQuanityOfStockUnits": "1",
    "AlcoholVolume": "8",
    "FicCode": "E",
    "DepositValue": [
      0.6
    ],
    "EcoscoreValue": "37"
  },
  {
    "technicalArticleNumber": "3860448",
    "commercialArticleNumber": "41998",
    "gtin": [
      "05410769800059",
      "05410769800097",
      "05400141206456"
    ],
    "productId": "378044",
    "name": "cherry 8%",
    "brand": "CHOUFFE",
    "seoBrand": "Cherry Chouffe",
    "thumbNail": "https://static.colruytgroup.com/images/200x200/std.lang.all/32/85/asset-3843285.jpg",
    "fullImage": "https://static.colruytgroup.com/images/500x500/std.lang.all/32/85/asset-3843285.jpg",
    "squareImage": "https://static.colruytgroup.com/images/500x500sq/std.lang.all/32/85/asset-3843285.jpg",
    "content": "6x33cl",
    "price": {
      "basicPrice": 11.38,
      "recommendedQuantity": "1.0",
      "measurementUnitPrice": 5.75,
      "measurementUnit": "L",
      "isRedPrice": false,
      "pricePerUOM": 5.75,
      "activationDate": "07-05-2025",
      "recordSource": "Offline",
      "isPromoActive": "N",
      "priceChangeCode": "E",
      "priceReason": "Reaction"
    },
    "isPriceAvailable": true,
    "channelAvailability": [
      "8_BE_STORE",
      "8_BE_COLLECT_NEXT_DAY",
      "8_BE_HOME_DELIVERY",
      "8_BE_HOME_DELIVERY_DRIVER"
    ],
    "businessDomain": "RETAIL_BE",
    "walkRouteSequenceNumber": 4022,
    "isAvailable": true,
    "inPromo": false,
    "topCategoryName": "Boissons",
    "topCategoryId": "354",
    "categories": [
      {
        "name": "Boissons",
        "id": "354",
        "children": [
          {
            "name": "Bi\u00e8res",
            "id": "389",
            "children": [
              {
                "name": "Bi\u00e8re blanche, bi\u00e8re aux fruits et bi",
                "id": "395"
              }
            ]
          }
        ]
      }
    ],
    "IsPrivateLabel": false,
    "amount": 1.98,
    "IsBiffe": false,
    "foodPairing": [
      "Salade",
      "Desserts",
      "Volaille",
      "Ap\u00e9ritif",
      "Poisson",
      "Gibier"
    ],
    "IsWeightArticle": false,
    "WeightconversionFactor": "0",
    "IsBio": false,
    "CountryOfOrigin": "BELGIQUE",
    "IsExclusivelySoldInLuxembourg": false,
    "OrderUnit": "P",
    "AlcoholDisclaimermsg": true,
    "ShortName": "CHERRY CHOUFFE 6X33CL",
    "IsNew": false,
    "amountUnit": "kg",
    "CountryOfOriginISO": "BE",
    "EcoscoreLabel": "D",
    "ShowAlcoholLegalMsg": true,
    "LongName": "CHOUFFE cherry 8% 6x33cl",
    "RecentQuanityOfStockUnits": "1",
    "AlcoholVolume": "8",
    "FicCode": "E",
    "DepositValue": [
      0.6
    ],
    "EcoscoreValue": "37"
  },
  {
    "technicalArticleNumber": "3022578",
    "commercialArticleNumber": "19912",
    "gtin": [
      "05411676100812",
      "05400141084306"
    ],
    "productId": "87061",
    "name": "bi\u00e8re blonde 8%",
    "description": "*Bi\u00e8re sp\u00e9ciale\n*8 % vol",
    "brand": "BARBAR",
    "seoBrand": "Barbar",
    "thumbNail": "https://static.colruytgroup.com/images/200x200/std.lang.all/49/48/asset-1794948.jpg",
    "fullImage": "https://static.colruytgroup.com/images/500x500/std.lang.all/49/48/asset-1794948.jpg",
    "squareImage": "https://static.colruytgroup.com/images/500x500sq/std.lang.all/49/48/asset-1794948.jpg",
    "content": "6x33cl",
    "price": {
      "basicPrice": 11.4,
      "recommendedQuantity": "1.0",
      "quantityPrice": 10.49,
      "quantityPriceQuantity": "3.0",
      "measurementUnitPrice": 5.76,
      "measurementUnitQuantityPrice": 5.3,
      "measurementUnit": "L",
      "isRedPrice": false,
      "pricePerUOM": 5.76,
      "activationDate": "10-05-2025",
      "recordSource": "Online",
      "isPromoActive": "N",
      "priceChangeCode": "L",
      "quantityPricePerUOM": 5.3,
      "quantityActivationDate": "10-05-2025",
      "quantityPriceChangeCode": "L",
      "priceReason": "Reaction"
    },
    "isPriceAvailable": true,
    "channelAvailability": [
      "8_BE_STORE",
      "8_LU_STORE",
      "8_BE_COLLECT_NEXT_DAY",
      "8_BE_HOME_DELIVERY",
      "8_BE_HOME_DELIVERY_DRIVER"
    ],
    "businessDomain": "RETAIL_BE",
    "walkRouteSequenceNumber": 3934,
    "isAvailable": true,
    "inPromo": false,
    "topCategoryName": "Boissons",
    "topCategoryId": "354",
    "categories": [
      {
        "name": "Boissons",
        "id": "354",
        "children": [
          {
            "name": "Bi\u00e8res",
            "id": "389",
            "children": [
              {
                "name": "Blonde, blonde forte et triple b",
                "id": "394"
              }
            ]
          }
        ]
      }
    ],
    "IsPrivateLabel": false,
    "amount": 1.98,
    "IsBiffe": false,
    "foodPairing": [
      "Volaille",
      "Viande rouge",
      "Viande blanche",
      "Crustac\u00e9s",
      "Gibier",
      "Fromages forts",
      "Desserts",
      "Poisson"
    ],
    "IsWeightArticle": false,
    "WeightconversionFactor": "0",
    "IsBio": false,
    "CountryOfOrigin": "BELGIQUE",
    "IsExclusivelySoldInLuxembourg": false,
    "OrderUnit": "P",
    "AlcoholDisclaimermsg": true,
    "ShortName": "BARBAR 6X33CL",
    "IsNew": false,
    "amountUnit": "kg",
    "CountryOfOriginISO": "BE",
    "EcoscoreLabel": "D",
    "ShowAlcoholLegalMsg": true,
    "LongName": "BARBAR bi\u00e8re blonde 8% 6x33cl",
    "RecentQuanityOfStockUnits": "1",
    "AlcoholVolume": "8",
    "FicCode": "E",
    "DepositValue": [
      2.4
    ],
    "EcoscoreValue": "37"
  },
  {
    "technicalArticleNumber": "4753643",
    "commercialArticleNumber": "23179",
    "gtin": [
      "05400141595772",
      "05411676700098"
    ],
    "productId": "892264",
    "name": "Bi\u00e8re blonde 8,3%",
    "description": "*Bi\u00e8re blonde forte\n*8,3 % vol\n*Referment. en bout.",
    "brand": "HOPUS",
    "seoBrand": "Hopus",
    "thumbNail": "https://static.colruytgroup.com/images/200x200/std.lang.all/30/31/asset-3813031.jpg",
    "fullImage": "https://static.colruytgroup.com/images/500x500/std.lang.all/30/31/asset-3813031.jpg",
    "squareImage": "https://static.colruytgroup.com/images/500x500sq/std.lang.all/30/31/asset-3813031.jpg",
    "content": "6x33cl",
    "price": {
      "basicPrice": 11.4,
      "recommendedQuantity": "1.0",
      "quantityPrice": 10.49,
      "quantityPriceQuantity": "3.0",
      "measurementUnitPrice": 5.76,
      "measurementUnitQuantityPrice": 5.3,
      "measurementUnit": "L",
      "isRedPrice": false,
      "pricePerUOM": 5.76,
      "activationDate": "21-05-2025",
      "recordSource": "Offline",
      "isPromoActive": "N",
      "priceChangeCode": "L",
      "quantityPricePerUOM": 5.3,
      "quantityActivationDate": "21-05-2025",
      "quantityPriceChangeCode": "L",
      "priceReason": "Reaction"
    },
    "isPriceAvailable": true,
    "channelAvailability": [
      "8_BE_STORE",
      "8_BE_COLLECT_NEXT_DAY",
      "8_BE_HOME_DELIVERY",
      "8_BE_HOME_DELIVERY_DRIVER"
    ],
    "businessDomain": "RETAIL_BE",
    "walkRouteSequenceNumber": 3913,
    "isAvailable": true,
    "inPromo": false,
    "topCategoryName": "Boissons",
    "topCategoryId": "354",
    "categories": [
      {
        "name": "Boissons",
        "id": "354",
        "children": [
          {
            "name": "Bi\u00e8res",
            "id": "389",
            "children": [
              {
                "name": "Blonde, blonde forte et triple b",
                "id": "394"
              }
            ]
          }
        ]
      }
    ],
    "IsPrivateLabel": false,
    "amount": 1.98,
    "IsBiffe": false,
    "foodPairing": [
      "Poisson",
      "Gibier",
      "Fromages forts",
      "Desserts",
      "Crustac\u00e9s",
      "Viande blanche",
      "Viande rouge",
      "Volaille"
    ],
    "IsWeightArticle": false,
    "WeightconversionFactor": "0",
    "IsBio": false,
    "CountryOfOrigin": "BELGIQUE",
    "IsExclusivelySoldInLuxembourg": false,
    "OrderUnit": "P",
    "AlcoholDisclaimermsg": true,
    "ShortName": "HOPUS 8.3% 6X33CL",
    "IsNew": false,
    "amountUnit": "kg",
    "CountryOfOriginISO": "BE",
    "EcoscoreLabel": "D",
    "ShowAlcoholLegalMsg": true,
    "LongName": "HOPUS Bi\u00e8re blonde 8,3% 6x33cl",
    "RecentQuanityOfStockUnits": "1",
    "AlcoholVolume": "8.3",
    "FicCode": "E",
    "DepositValue": [
      0.6
    ],
    "EcoscoreValue": "37"
  },
  {
    "technicalArticleNumber": "4608944",
    "commercialArticleNumber": "3028",
    "gtin": [
      "05411223030043",
      "05400141487602"
    ],
    "productId": "797542",
    "name": "Pecheresse 2,5%",
    "description": "*Lambic\n*2,5 % vol\n*Go\u00fbt: p\u00eache",
    "brand": "LINDEMANS",
    "seoBrand": "Lindemans",
    "thumbNail": "https://static.colruytgroup.com/images/200x200/std.lang.all/32/89/asset-3843289.jpg",
    "fullImage": "https://static.colruytgroup.com/images/500x500/std.lang.all/32/89/asset-3843289.jpg",
    "squareImage": "https://static.colruytgroup.com/images/500x500sq/std.lang.all/32/89/asset-3843289.jpg",
    "content": "8x25cl",
    "price": {
      "basicPrice": 11.68,
      "recommendedQuantity": "1.0",
      "quantityPrice": 10.75,
      "quantityPriceQuantity": "3.0",
      "measurementUnitPrice": 5.84,
      "measurementUnitQuantityPrice": 5.38,
      "measurementUnit": "L",
      "isRedPrice": false,
      "pricePerUOM": 5.84,
      "activationDate": "07-05-2025",
      "recordSource": "Online",
      "isPromoActive": "N",
      "priceChangeCode": "E",
      "quantityPricePerUOM": 5.38,
      "quantityActivationDate": "07-05-2025",
      "quantityPriceChangeCode": "E",
      "priceReason": "Reaction"
    },
    "isPriceAvailable": true,
    "channelAvailability": [
      "8_BE_STORE",
      "8_BE_COLLECT_NEXT_DAY",
      "8_BE_HOME_DELIVERY_DRIVER"
    ],
    "businessDomain": "RETAIL_BE",
    "walkRouteSequenceNumber": 4038,
    "isAvailable": true,
    "inPromo": false,
    "topCategoryName": "Boissons",
    "topCategoryId": "354",
    "categories": [
      {
        "name": "Boissons",
        "id": "354",
        "children": [
          {
            "name": "Bi\u00e8res",
            "id": "389",
            "children": [
              {
                "name": "Bi\u00e8re blanche, bi\u00e8re aux fruits et bi",
                "id": "395"
              }
            ]
          }
        ]
      }
    ],
    "IsPrivateLabel": false,
    "amount": {
      "source": "2.0",
      "parsedValue": 2
    },
    "IsBiffe": false,
    "foodPairing": [
      "Ap\u00e9ritif",
      "Desserts",
      "Fromages doux",
      "Veggie",
      "Volaille"
    ],
    "IsWeightArticle": false,
    "WeightconversionFactor": "0",
    "IsBio": false,
    "CountryOfOrigin": "BELGIQUE",
    "IsExclusivelySoldInLuxembourg": false,
    "OrderUnit": "P",
    "AlcoholDisclaimermsg": true,
    "ShortName": "LIND PECHERESSE 8X25CL",
    "IsNew": false,
    "amountUnit": "kg",
    "CountryOfOriginISO": "BE",
    "EcoscoreLabel": "D",
    "ShowAlcoholLegalMsg": true,
    "LongName": "LINDEMANS Pecheresse 2,5% 8x25cl",
    "RecentQuanityOfStockUnits": "1",
    "AlcoholVolume": "2.5",
    "FicCode": "E",
    "DepositValue": [
      0.8
    ],
    "EcoscoreValue": "37"
  },
  {
    "technicalArticleNumber": "3544496",
    "commercialArticleNumber": "40861",
    "gtin": [
      "05400141424843"
    ],
    "productId": "244230",
    "name": "blonde 5,5% SG Bio",
    "description": "*Bi\u00e8re blonde\n*5,5 % vol\n*Sans gluten\n*Referment. en bout.",
    "brand": "GRISETTE",
    "seoBrand": "Grisette",
    "thumbNail": "https://static.colruytgroup.com/images/200x200/std.lang.all/14/37/asset-2041437.jpg",
    "fullImage": "https://static.colruytgroup.com/images/500x500/std.lang.all/14/37/asset-2041437.jpg",
    "squareImage": "https://static.colruytgroup.com/images/500x500sq/std.lang.all/14/37/asset-2041437.jpg",
    "content": "8x25cl",
    "price": {
      "basicPrice": 11.9,
      "recommendedQuantity": "1.0",
      "quantityPrice": 10.95,
      "quantityPriceQuantity": "3.0",
      "measurementUnitPrice": 5.95,
      "measurementUnitQuantityPrice": 5.48,
      "measurementUnit": "L",
      "isRedPrice": false,
      "pricePerUOM": 5.95,
      "activationDate": "07-05-2025",
      "recordSource": "Offline",
      "isPromoActive": "N",
      "priceChangeCode": "E",
      "quantityPricePerUOM": 5.48,
      "quantityActivationDate": "07-05-2025",
      "quantityPriceChangeCode": "E",
      "priceReason": "Reaction"
    },
    "isPriceAvailable": true,
    "channelAvailability": [
      "8_BE_STORE",
      "8_LU_STORE",
      "8_BE_COLLECT_NEXT_DAY",
      "8_BE_HOME_DELIVERY_DRIVER"
    ],
    "businessDomain": "RETAIL_BE",
    "walkRouteSequenceNumber": 3928,
    "isAvailable": true,
    "inPromo": false,
    "topCategoryName": "Boissons",
    "topCategoryId": "354",
    "categories": [
      {
        "name": "Boissons",
        "id": "354",
        "children": [
          {
            "name": "Bi\u00e8res",
            "id": "389",
            "children": [
              {
                "name": "Blonde, blonde forte et triple b",
                "id": "394"
              }
            ]
          }
        ]
      }
    ],
    "foodPairing": [
      "Veggie",
      "Barbecue",
      "Crustac\u00e9s",
      "Desserts",
      "Fromages doux",
      "P\u00e2tes & pizza",
      "Salade",
      "Volaille"
    ],
    "CountryOfOrigin": "BELGIQUE",
    "IsExclusivelySoldInLuxembourg": false,
    "OrderUnit": "P",
    "AlcoholDisclaimermsg": true,
    "InSeason": true,
    "ShortName": "GRIS BLOND.SG BIO8X25CL",
    "IsNew": false,
    "ShowAlcoholLegalMsg": true,
    "RecentQuanityOfStockUnits": "1",
    "FicCode": "E",
    "IsPrivateLabel": false,
    "amount": {
      "source": "2.0",
      "parsedValue": 2
    },
    "IsBiffe": false,
    "IsWeightArticle": false,
    "WeightconversionFactor": "0",
    "IsBio": true,
    "amountUnit": "kg",
    "CountryOfOriginISO": "BE",
    "EcoscoreLabel": "A",
    "LongName": "GRISETTE blonde 5,5% SG Bio 8x25cl",
    "AlcoholVolume": "5.5",
    "StartSeasonDate": "05/09/2023",
    "DepositValue": [
      0.8
    ],
    "EcoscoreValue": "82"
  },
  {
    "technicalArticleNumber": "2403590",
    "commercialArticleNumber": "19801",
    "gtin": [
      "05410583804547",
      "05410583804554",
      "05410583803090",
      "05410583803007",
      "05410583802765",
      "05410583802185",
      "05410583801492",
      "05410583801805",
      "05410583803915",
      "05410583803922",
      "05410583804196",
      "05410583804202"
    ],
    "productId": "52866",
    "name": "Vintage 2022 7%",
    "description": "*Bi\u00e8re rouge brun de\nFlandre\n*7 % vol\n*Fermentation mixte",
    "brand": "RODENBACH",
    "seoBrand": "Rodenbach",
    "thumbNail": "https://static.colruytgroup.com/images/200x200/std.lang.all/43/64/asset-3704364.jpg",
    "fullImage": "https://static.colruytgroup.com/images/500x500/std.lang.all/43/64/asset-3704364.jpg",
    "squareImage": "https://static.colruytgroup.com/images/500x500sq/std.lang.all/43/64/asset-3704364.jpg",
    "content": "75cl",
    "price": {
      "basicPrice": 11.95,
      "recommendedQuantity": "1.0",
      "quantityPrice": 10.99,
      "quantityPriceQuantity": "6.0",
      "measurementUnitPrice": 15.94,
      "measurementUnitQuantityPrice": 14.66,
      "measurementUnit": "L",
      "isRedPrice": false,
      "pricePerUOM": 15.94,
      "activationDate": "27-03-2025",
      "recordSource": "Online",
      "isPromoActive": "N",
      "priceChangeCode": "H",
      "quantityPricePerUOM": 14.66,
      "quantityActivationDate": "27-03-2025",
      "quantityPriceChangeCode": "H",
      "priceReason": "Reaction"
    },
    "isPriceAvailable": true,
    "channelAvailability": [
      "8_BE_STORE",
      "8_LU_STORE",
      "8_BE_COLLECT_NEXT_DAY",
      "8_BE_HOME_DELIVERY_DRIVER"
    ],
    "businessDomain": "RETAIL_BE",
    "walkRouteSequenceNumber": 3851,
    "isAvailable": true,
    "inPromo": false,
    "topCategoryName": "Boissons",
    "topCategoryId": "354",
    "categories": [
      {
        "name": "Boissons",
        "id": "354",
        "children": [
          {
            "name": "Bi\u00e8res",
            "id": "389",
            "children": [
              {
                "name": "Bi\u00e8res 75cl, Emballages Cadeaux",
                "id": "1066"
              }
            ]
          }
        ]
      }
    ],
    "IsPrivateLabel": false,
    "amount": 0.75,
    "IsBiffe": false,
    "foodPairing": [
      "Veggie",
      "Gibier",
      "Ap\u00e9ritif",
      "Crustac\u00e9s",
      "Barbecue",
      "Desserts"
    ],
    "IsWeightArticle": false,
    "WeightconversionFactor": "0",
    "IsBio": false,
    "CountryOfOrigin": "BELGIQUE",
    "IsExclusivelySoldInLuxembourg": false,
    "OrderUnit": "P",
    "AlcoholDisclaimermsg": true,
    "InSeason": true,
    "ShortName": "RODE VINTAGE 2022 75CL",
    "IsNew": false,
    "amountUnit": "kg",
    "CountryOfOriginISO": "BE",
    "EcoscoreLabel": "D",
    "ShowAlcoholLegalMsg": true,
    "LongName": "RODENBACH Vintage 2022 7% 75cl",
    "RecentQuanityOfStockUnits": "1,1",
    "AlcoholVolume": "7",
    "StartSeasonDate": "23/08/2022",
    "FicCode": "E",
    "EcoscoreValue": "37"
  },
  {
    "technicalArticleNumber": "2775636",
    "commercialArticleNumber": "31668",
    "gtin": [
      "05400141015669"
    ],
    "productId": "69485",
    "name": "bi\u00e8re blonde 8,5%",
    "description": "*Bi\u00e8re blonde forte\n*8,5 % vol\n*Referment. en bout.",
    "brand": "DUVEL",
    "seoBrand": "Duvel",
    "thumbNail": "https://static.colruytgroup.com/images/200x200/std.lang.all/03/70/asset-3160370.jpg",
    "fullImage": "https://static.colruytgroup.com/images/500x500/std.lang.all/03/70/asset-3160370.jpg",
    "squareImage": "https://static.colruytgroup.com/images/500x500sq/std.lang.all/03/70/asset-3160370.jpg",
    "content": "8x33cl",
    "price": {
      "basicPrice": 11.98,
      "recommendedQuantity": "1.0",
      "measurementUnitPrice": 4.54,
      "measurementUnit": "L",
      "isRedPrice": false,
      "pricePerUOM": 4.54,
      "activationDate": "02-06-2025",
      "recordSource": "Offline",
      "isPromoActive": "N",
      "priceChangeCode": "H",
      "priceReason": "Reaction"
    },
    "isPriceAvailable": true,
    "channelAvailability": [
      "3_BE_STORE",
      "8_BE_STORE",
      "8_LU_STORE",
      "8_BE_COLLECT_NEXT_DAY",
      "8_BE_HOME_DELIVERY",
      "8_BE_HOME_DELIVERY_DRIVER"
    ],
    "businessDomain": "RETAIL_BE",
    "walkRouteSequenceNumber": 3875,
    "isAvailable": true,
    "inPromo": false,
    "topCategoryName": "Boissons",
    "topCategoryId": "354",
    "categories": [
      {
        "name": "Boissons",
        "id": "354",
        "children": [
          {
            "name": "Bi\u00e8res",
            "id": "389",
            "children": [
              {
                "name": "Blonde, blonde forte et triple b",
                "id": "394"
              }
            ]
          }
        ]
      }
    ],
    "IsPrivateLabel": false,
    "amount": 2.64,
    "IsBiffe": false,
    "foodPairing": [
      "Viande blanche",
      "Viande rouge",
      "Volaille",
      "Poisson",
      "Gibier",
      "Fromages forts",
      "Desserts",
      "Crustac\u00e9s"
    ],
    "IsWeightArticle": false,
    "WeightconversionFactor": "0",
    "IsBio": false,
    "CountryOfOrigin": "BELGIQUE",
    "IsExclusivelySoldInLuxembourg": false,
    "OrderUnit": "P",
    "AlcoholDisclaimermsg": true,
    "ShortName": "DUVEL 8X33CL",
    "IsNew": false,
    "amountUnit": "kg",
    "CountryOfOriginISO": "BE",
    "EcoscoreLabel": "B",
    "ShowAlcoholLegalMsg": true,
    "LongName": "DUVEL bi\u00e8re blonde 8,5% 8x33cl",
    "RecentQuanityOfStockUnits": "1",
    "AlcoholVolume": "8.5",
    "FicCode": "I",
    "DepositValue": [
      0.8
    ],
    "EcoscoreValue": "71"
  },
  {
    "technicalArticleNumber": "3471063",
    "commercialArticleNumber": "12245",
    "gtin": [
      "05425032451319",
      "05400141392906"
    ],
    "productId": "189919",
    "name": "bi\u00e8re blonde 7,5%vol",
    "description": "*Bi\u00e8re sp\u00e9ciale\n*7,5 % vol\n*Referment. en bout.",
    "brand": "FAGNES",
    "seoBrand": "Fagnes",
    "thumbNail": "https://static.colruytgroup.com/images/200x200/std.lang.all/67/54/asset-3536754.jpg",
    "fullImage": "https://static.colruytgroup.com/images/500x500/std.lang.all/67/54/asset-3536754.jpg",
    "squareImage": "https://static.colruytgroup.com/images/500x500sq/std.lang.all/67/54/asset-3536754.jpg",
    "content": "6x33cl",
    "price": {
      "basicPrice": 11.99,
      "recommendedQuantity": "1.0",
      "quantityPrice": 11.51,
      "quantityPriceQuantity": "3.0",
      "measurementUnitPrice": 6.06,
      "measurementUnitQuantityPrice": 5.82,
      "measurementUnit": "L",
      "isRedPrice": false,
      "pricePerUOM": 6.06,
      "activationDate": "28-03-2025",
      "isPromoActive": "N",
      "priceChangeCode": "L",
      "quantityPricePerUOM": 5.82,
      "quantityActivationDate": "28-03-2025",
      "quantityPriceChangeCode": "L",
      "priceReason": "Market"
    },
    "isPriceAvailable": true,
    "channelAvailability": [
      "3_BE_STORE",
      "8_BE_STORE",
      "8_LU_STORE",
      "8_BE_COLLECT_NEXT_DAY",
      "8_BE_HOME_DELIVERY_DRIVER"
    ],
    "businessDomain": "RETAIL_BE",
    "walkRouteSequenceNumber": 3930,
    "isAvailable": true,
    "inPromo": false,
    "topCategoryName": "Boissons",
    "topCategoryId": "354",
    "categories": [
      {
        "name": "Boissons",
        "id": "354",
        "children": [
          {
            "name": "Bi\u00e8res",
            "id": "389",
            "children": [
              {
                "name": "Blonde, blonde forte et triple b",
                "id": "394"
              }
            ]
          }
        ]
      }
    ],
    "IsPrivateLabel": false,
    "amount": 1.98,
    "IsBiffe": false,
    "foodPairing": [
      "Volaille",
      "Viande rouge",
      "Viande blanche",
      "Crustac\u00e9s",
      "Gibier",
      "Fromages forts",
      "Desserts",
      "Poisson"
    ],
    "IsWeightArticle": false,
    "WeightconversionFactor": "0",
    "IsBio": false,
    "CountryOfOrigin": "BELGIQUE",
    "IsExclusivelySoldInLuxembourg": false,
    "OrderUnit": "P",
    "AlcoholDisclaimermsg": true,
    "ShortName": "RE SUPER FAGNES BL 6X33",
    "IsNew": false,
    "amountUnit": "kg",
    "CountryOfOriginISO": "BE",
    "servings": {
      "source": "4.0",
      "parsedValue": 4
    },
    "EcoscoreLabel": "D",
    "ShowAlcoholLegalMsg": true,
    "LongName": "FAGNES bi\u00e8re blonde 7,5%vol 6x33cl",
    "RecentQuanityOfStockUnits": "1",
    "AlcoholVolume": "7.5",
    "FicCode": "E",
    "DepositValue": [
      0.6
    ],
    "EcoscoreValue": "37"
  },
  {
    "technicalArticleNumber": "5229",
    "commercialArticleNumber": "5229",
    "gtin": [
      "05400141052299",
      "05411681038001",
      "05411681038018",
      "05411681400013"
    ],
    "productId": "459",
    "name": "bi\u00e8re abbaye triple 10%",
    "description": "*Bi\u00e8re d'abbaye\n*10 % vol\n*Referment. en bout.",
    "brand": "MAREDSOUS",
    "seoBrand": "Maredsous",
    "thumbNail": "https://static.colruytgroup.com/images/200x200/std.lang.all/12/05/asset-681205.jpg",
    "fullImage": "https://static.colruytgroup.com/images/500x500/std.lang.all/12/05/asset-681205.jpg",
    "squareImage": "https://static.colruytgroup.com/images/500x500sq/std.lang.all/12/05/asset-681205.jpg",
    "content": "6x33cl",
    "price": {
      "basicPrice": 12.12,
      "recommendedQuantity": "1.0",
      "quantityPrice": 11.64,
      "quantityPriceQuantity": "3.0",
      "measurementUnitPrice": 6.13,
      "measurementUnitQuantityPrice": 5.88,
      "measurementUnit": "L",
      "isRedPrice": false,
      "pricePerUOM": 6.13,
      "activationDate": "05-06-2025",
      "recordSource": "Folder",
      "isPromoActive": "Y",
      "priceChangeCode": "L",
      "quantityPricePerUOM": 5.88,
      "quantityActivationDate": "05-06-2025",
      "quantityPriceChangeCode": "L",
      "priceReason": "Reaction"
    },
    "isPriceAvailable": true,
    "channelAvailability": [
      "3_BE_STORE",
      "8_BE_STORE",
      "8_LU_STORE",
      "8_BE_COLLECT_NEXT_DAY",
      "8_BE_HOME_DELIVERY",
      "8_BE_HOME_DELIVERY_DRIVER"
    ],
    "businessDomain": "RETAIL_BE",
    "walkRouteSequenceNumber": 3820,
    "isAvailable": true,
    "inPromo": true,
    "promotion": [
      {
        "techPromoId": "101242COLR",
        "promotionId": "101242",
        "promotionType": "3",
        "isPersonalized": "N",
        "publicationStartDate": "04-06-2025",
        "publicationEndDate": "17-06-2025",
        "topPromo": false
      }
    ],
    "topCategoryName": "Boissons",
    "topCategoryId": "354",
    "categories": [
      {
        "name": "Boissons",
        "id": "354",
        "children": [
          {
            "name": "Bi\u00e8res",
            "id": "389",
            "children": [
              {
                "name": "Bi\u00e8re d'Abbaye, Trappiste blonde & amb",
                "id": "391"
              }
            ]
          }
        ]
      }
    ],
    "IsPrivateLabel": false,
    "amount": 1.98,
    "IsBiffe": false,
    "foodPairing": [
      "Volaille",
      "Viande rouge",
      "Viande blanche",
      "Veggie",
      "Poisson",
      "Gibier",
      "Fromages forts",
      "Desserts",
      "Crustac\u00e9s"
    ],
    "IsWeightArticle": false,
    "WeightconversionFactor": "0",
    "IsBio": false,
    "CountryOfOrigin": "BELGIQUE",
    "IsExclusivelySoldInLuxembourg": false,
    "OrderUnit": "P",
    "AlcoholDisclaimermsg": true,
    "ShortName": "MARED 10DGR TRIPLE 6X33",
    "IsNew": false,
    "amountUnit": "kg",
    "CountryOfOriginISO": "BE",
    "EcoscoreLabel": "B",
    "ShowAlcoholLegalMsg": true,
    "LongName": "MAREDSOUS bi\u00e8re abbaye triple 10% 6x33cl",
    "RecentQuanityOfStockUnits": "1",
    "AlcoholVolume": "10",
    "FicCode": "E",
    "DepositValue": [
      0.6
    ],
    "EcoscoreValue": "72"
  },
  {
    "technicalArticleNumber": "4261874",
    "commercialArticleNumber": "5463",
    "gtin": [
      "05430000716451",
      "05400141396720"
    ],
    "productId": "598116",
    "name": "Brown Eyes 12%",
    "description": "*Bi\u00e8re fonc\u00e9e, 12 %\nvol",
    "brand": "MARTHA",
    "seoBrand": "Martha",
    "thumbNail": "https://static.colruytgroup.com/images/200x200/std.lang.all/34/96/asset-3443496.jpg",
    "fullImage": "https://static.colruytgroup.com/images/500x500/std.lang.all/34/96/asset-3443496.jpg",
    "squareImage": "https://static.colruytgroup.com/images/500x500sq/std.lang.all/34/96/asset-3443496.jpg",
    "content": "6x33cl",
    "price": {
      "basicPrice": 12.12,
      "recommendedQuantity": "1.0",
      "quantityPrice": 11.15,
      "quantityPriceQuantity": "3.0",
      "measurementUnitPrice": 6.13,
      "measurementUnitQuantityPrice": 5.64,
      "measurementUnit": "L",
      "isRedPrice": false,
      "pricePerUOM": 6.13,
      "activationDate": "07-05-2025",
      "recordSource": "Online",
      "isPromoActive": "N",
      "priceChangeCode": "E",
      "quantityPricePerUOM": 5.64,
      "quantityActivationDate": "07-05-2025",
      "quantityPriceChangeCode": "E",
      "priceReason": "Reaction"
    },
    "isPriceAvailable": true,
    "channelAvailability": [
      "8_BE_STORE",
      "8_BE_COLLECT_NEXT_DAY",
      "8_BE_HOME_DELIVERY",
      "8_BE_HOME_DELIVERY_DRIVER"
    ],
    "businessDomain": "RETAIL_BE",
    "walkRouteSequenceNumber": 3878,
    "isAvailable": true,
    "inPromo": false,
    "topCategoryName": "Boissons",
    "topCategoryId": "354",
    "categories": [
      {
        "name": "Boissons",
        "id": "354",
        "children": [
          {
            "name": "Bi\u00e8res",
            "id": "389",
            "children": [
              {
                "name": "Bi\u00e8re brune et forte",
                "id": "1848"
              }
            ]
          }
        ]
      }
    ],
    "IsPrivateLabel": false,
    "amount": 1.98,
    "IsBiffe": false,
    "foodPairing": [
      "Desserts",
      "Fromages forts",
      "Viande rouge",
      "Gibier"
    ],
    "IsWeightArticle": false,
    "WeightconversionFactor": "0",
    "IsBio": false,
    "CountryOfOrigin": "BELGIQUE",
    "IsExclusivelySoldInLuxembourg": false,
    "OrderUnit": "P",
    "AlcoholDisclaimermsg": true,
    "ShortName": "MART BROWN EYES 6X33CL",
    "IsNew": false,
    "amountUnit": "kg",
    "CountryOfOriginISO": "BE",
    "EcoscoreLabel": "D",
    "ShowAlcoholLegalMsg": true,
    "LongName": "MARTHA Brown Eyes 12% 6x33cl",
    "RecentQuanityOfStockUnits": "1",
    "AlcoholVolume": "12",
    "FicCode": "E",
    "DepositValue": [
      0.6
    ],
    "EcoscoreValue": "37"
  },
  {
    "technicalArticleNumber": "4757714",
    "commercialArticleNumber": "23064",
    "gtin": [
      "05412138403311",
      "05400141709759"
    ],
    "productId": "900511",
    "name": "Triple 8,5%",
    "description": "*Bi\u00e8re d'abbaye\n*Blonde\n*8,5 % vol",
    "brand": "ST FEUILLIEN",
    "seoBrand": "St Feuillien",
    "thumbNail": "https://static.colruytgroup.com/images/200x200/std.lang.all/12/03/asset-3331203.jpg",
    "fullImage": "https://static.colruytgroup.com/images/500x500/std.lang.all/12/03/asset-3331203.jpg",
    "squareImage": "https://static.colruytgroup.com/images/500x500sq/std.lang.all/12/03/asset-3331203.jpg",
    "content": "6x33cl",
    "price": {
      "basicPrice": 12.13,
      "recommendedQuantity": "1.0",
      "quantityPrice": 11.64,
      "quantityPriceQuantity": "3.0",
      "measurementUnitPrice": 6.13,
      "measurementUnitQuantityPrice": 5.88,
      "measurementUnit": "L",
      "isRedPrice": false,
      "pricePerUOM": 6.13,
      "activationDate": "30-05-2025",
      "recordSource": "Offline",
      "isPromoActive": "N",
      "priceChangeCode": "H",
      "quantityPricePerUOM": 5.88,
      "quantityActivationDate": "30-05-2025",
      "quantityPriceChangeCode": "H",
      "priceReason": "Reaction"
    },
    "isPriceAvailable": true,
    "channelAvailability": [
      "8_BE_STORE",
      "8_LU_STORE",
      "8_BE_COLLECT_NEXT_DAY",
      "8_BE_HOME_DELIVERY_DRIVER"
    ],
    "businessDomain": "RETAIL_BE",
    "walkRouteSequenceNumber": 3822,
    "isAvailable": true,
    "inPromo": false,
    "topCategoryName": "Boissons",
    "topCategoryId": "354",
    "categories": [
      {
        "name": "Boissons",
        "id": "354",
        "children": [
          {
            "name": "Bi\u00e8res",
            "id": "389",
            "children": [
              {
                "name": "Bi\u00e8re d'Abbaye, Trappiste blonde & amb",
                "id": "391"
              }
            ]
          }
        ]
      }
    ],
    "IsPrivateLabel": false,
    "amount": 1.98,
    "IsBiffe": false,
    "foodPairing": [
      "Veggie",
      "P\u00e2tes & pizza",
      "Gibier",
      "Fromages forts",
      "Viande rouge",
      "Desserts",
      "Barbecue",
      "Ap\u00e9ritif",
      "Volaille",
      "Fromages doux"
    ],
    "IsWeightArticle": false,
    "WeightconversionFactor": "0",
    "IsBio": false,
    "CountryOfOrigin": "BELGIQUE",
    "IsExclusivelySoldInLuxembourg": false,
    "OrderUnit": "P",
    "AlcoholDisclaimermsg": true,
    "ShortName": "STFE TRIPEL 8.5% 6X33CL",
    "IsNew": false,
    "amountUnit": "kg",
    "CountryOfOriginISO": "BE",
    "EcoscoreLabel": "D",
    "ShowAlcoholLegalMsg": true,
    "LongName": "ST FEUILLIEN Triple 8,5% 6x33cl",
    "RecentQuanityOfStockUnits": "1",
    "AlcoholVolume": "8.5",
    "FicCode": "E",
    "DepositValue": [
      0.6
    ],
    "EcoscoreValue": "37"
  },
  {
    "technicalArticleNumber": "2761073",
    "commercialArticleNumber": "42735",
    "gtin": [
      "05400141015454",
      "05412138653310"
    ],
    "productId": "69028",
    "name": "Grand Cru 9,5%vol",
    "description": "*Bi\u00e8re d'abbaye\n*Blonde triple\n*9,5% vol\n*Referment. en bout.",
    "brand": "ST FEUILLIEN",
    "seoBrand": "St Feuillien",
    "thumbNail": "https://static.colruytgroup.com/images/200x200/std.lang.all/72/94/asset-3267294.jpg",
    "fullImage": "https://static.colruytgroup.com/images/500x500/std.lang.all/72/94/asset-3267294.jpg",
    "squareImage": "https://static.colruytgroup.com/images/500x500sq/std.lang.all/72/94/asset-3267294.jpg",
    "content": "6x33cl",
    "price": {
      "basicPrice": 12.24,
      "recommendedQuantity": "1.0",
      "quantityPrice": 11.75,
      "quantityPriceQuantity": "3.0",
      "measurementUnitPrice": 6.19,
      "measurementUnitQuantityPrice": 5.94,
      "measurementUnit": "L",
      "isRedPrice": false,
      "pricePerUOM": 6.19,
      "activationDate": "30-05-2025",
      "recordSource": "Online",
      "isPromoActive": "N",
      "priceChangeCode": "H",
      "quantityPricePerUOM": 5.94,
      "quantityActivationDate": "30-05-2025",
      "quantityPriceChangeCode": "H",
      "priceReason": "Reaction"
    },
    "isPriceAvailable": true,
    "channelAvailability": [
      "3_BE_STORE",
      "8_BE_STORE",
      "8_LU_STORE",
      "8_BE_COLLECT_NEXT_DAY",
      "8_BE_HOME_DELIVERY",
      "8_BE_HOME_DELIVERY_DRIVER"
    ],
    "businessDomain": "RETAIL_BE",
    "walkRouteSequenceNumber": 3956,
    "isAvailable": true,
    "inPromo": false,
    "topCategoryName": "Boissons",
    "topCategoryId": "354",
    "categories": [
      {
        "name": "Boissons",
        "id": "354",
        "children": [
          {
            "name": "Bi\u00e8res",
            "id": "389",
            "children": [
              {
                "name": "Bi\u00e8re d'Abbaye, Trappiste blonde & amb",
                "id": "391"
              }
            ]
          }
        ]
      }
    ],
    "IsPrivateLabel": false,
    "amount": 1.98,
    "IsBiffe": false,
    "foodPairing": [
      "Viande rouge",
      "Viande blanche",
      "Crustac\u00e9s",
      "Gibier",
      "Fromages forts",
      "Desserts",
      "Volaille",
      "Poisson"
    ],
    "IsWeightArticle": false,
    "WeightconversionFactor": "0",
    "IsBio": false,
    "CountryOfOrigin": "BELGIQUE",
    "IsExclusivelySoldInLuxembourg": false,
    "OrderUnit": "P",
    "AlcoholDisclaimermsg": true,
    "ShortName": "RE.ST FEUIL GR CRU 6X33",
    "IsNew": false,
    "amountUnit": "kg",
    "CountryOfOriginISO": "BE",
    "EcoscoreLabel": "D",
    "ShowAlcoholLegalMsg": true,
    "LongName": "ST FEUILLIEN Grand Cru 9,5%vol 6x33cl",
    "RecentQuanityOfStockUnits": "1",
    "AlcoholVolume": "9.5",
    "FicCode": "E",
    "DepositValue": [
      0.6
    ],
    "EcoscoreValue": "37"
  },
  {
    "technicalArticleNumber": "5372",
    "commercialArticleNumber": "5372",
    "gtin": [
      "05400141053722",
      "05412583240363"
    ],
    "productId": "410",
    "name": "bi\u00e8re abbaye triple 8,5%",
    "description": "*Bi\u00e8re d'abbaye\n*8,5 % vol\n*Referment. en bout.",
    "brand": "ENAME",
    "seoBrand": "Ename",
    "thumbNail": "https://static.colruytgroup.com/images/200x200/std.lang.all/05/95/asset-3330595.jpg",
    "fullImage": "https://static.colruytgroup.com/images/500x500/std.lang.all/05/95/asset-3330595.jpg",
    "squareImage": "https://static.colruytgroup.com/images/500x500sq/std.lang.all/05/95/asset-3330595.jpg",
    "content": "6x33cl",
    "price": {
      "basicPrice": 12.52,
      "recommendedQuantity": "1.0",
      "quantityPrice": 11.52,
      "quantityPriceQuantity": "3.0",
      "measurementUnitPrice": 6.33,
      "measurementUnitQuantityPrice": 5.82,
      "measurementUnit": "L",
      "isRedPrice": false,
      "pricePerUOM": 6.33,
      "activationDate": "04-06-2025",
      "isPromoActive": "Y",
      "priceChangeCode": "L",
      "quantityPricePerUOM": 5.82,
      "quantityActivationDate": "04-06-2025",
      "quantityPriceChangeCode": "L",
      "priceReason": "Promo"
    },
    "isPriceAvailable": true,
    "channelAvailability": [
      "8_BE_STORE",
      "8_BE_COLLECT_NEXT_DAY",
      "8_BE_HOME_DELIVERY",
      "8_BE_HOME_DELIVERY_DRIVER"
    ],
    "businessDomain": "RETAIL_BE",
    "walkRouteSequenceNumber": 3865,
    "isAvailable": true,
    "inPromo": true,
    "promotion": [
      {
        "techPromoId": "101244COLR",
        "promotionId": "101244",
        "promotionType": "3",
        "isPersonalized": "N",
        "publicationStartDate": "04-06-2025",
        "publicationEndDate": "17-06-2025",
        "topPromo": false
      }
    ],
    "topCategoryName": "Boissons",
    "topCategoryId": "354",
    "categories": [
      {
        "name": "Boissons",
        "id": "354",
        "children": [
          {
            "name": "Bi\u00e8res",
            "id": "389",
            "children": [
              {
                "name": "Bi\u00e8re d'Abbaye, Trappiste blonde & amb",
                "id": "391"
              }
            ]
          }
        ]
      }
    ],
    "IsPrivateLabel": false,
    "amount": 1.98,
    "IsBiffe": false,
    "foodPairing": [
      "Crustac\u00e9s",
      "Volaille",
      "Viande rouge",
      "Viande blanche",
      "Veggie",
      "Poisson",
      "Gibier",
      "Fromages forts",
      "Desserts"
    ],
    "IsWeightArticle": false,
    "WeightconversionFactor": "0",
    "IsBio": false,
    "CountryOfOrigin": "BELGIQUE",
    "IsExclusivelySoldInLuxembourg": false,
    "OrderUnit": "P",
    "AlcoholDisclaimermsg": true,
    "ShortName": "ENAME TRIPLE 6X33CL",
    "IsNew": false,
    "amountUnit": "kg",
    "CountryOfOriginISO": "BE",
    "EcoscoreLabel": "B",
    "ShowAlcoholLegalMsg": true,
    "LongName": "ENAME bi\u00e8re abbaye triple 8,5% 6x33cl",
    "RecentQuanityOfStockUnits": "1",
    "AlcoholVolume": "8.5",
    "FicCode": "I",
    "DepositValue": [
      0.6
    ],
    "EcoscoreValue": "72"
  },
  {
    "technicalArticleNumber": "2512679",
    "commercialArticleNumber": "1114",
    "gtin": [
      "05400141011142"
    ],
    "productId": "46602",
    "name": "trappiste bleue 9,0%vol",
    "description": "*Bi\u00e8re trappiste\n*9 % vol\n*Referment. en bout.",
    "brand": "CHIMAY",
    "seoBrand": "Chimay",
    "thumbNail": "https://static.colruytgroup.com/images/200x200/std.lang.all/54/12/asset-2045412.jpg",
    "fullImage": "https://static.colruytgroup.com/images/500x500/std.lang.all/54/12/asset-2045412.jpg",
    "squareImage": "https://static.colruytgroup.com/images/500x500sq/std.lang.all/54/12/asset-2045412.jpg",
    "content": "8x33cl",
    "price": {
      "basicPrice": 12.72,
      "recommendedQuantity": "1.0",
      "measurementUnitPrice": 4.82,
      "measurementUnit": "L",
      "isRedPrice": false,
      "pricePerUOM": 4.82,
      "activationDate": "21-05-2025",
      "recordSource": "Offline",
      "isPromoActive": "N",
      "priceChangeCode": "E",
      "priceReason": "Reaction"
    },
    "isPriceAvailable": true,
    "channelAvailability": [
      "3_BE_STORE",
      "8_BE_STORE",
      "8_BE_COLLECT_NEXT_DAY",
      "8_BE_HOME_DELIVERY",
      "8_BE_HOME_DELIVERY_DRIVER"
    ],
    "businessDomain": "RETAIL_BE",
    "walkRouteSequenceNumber": 3871,
    "isAvailable": true,
    "inPromo": false,
    "topCategoryName": "Boissons",
    "topCategoryId": "354",
    "categories": [
      {
        "name": "Boissons",
        "id": "354",
        "children": [
          {
            "name": "Bi\u00e8res",
            "id": "389",
            "children": [
              {
                "name": "Bi\u00e8re d'Abbaye et Trappiste brune",
                "id": "1851"
              }
            ]
          }
        ]
      }
    ],
    "IsPrivateLabel": false,
    "amount": 2.64,
    "IsBiffe": false,
    "foodPairing": [
      "Viande rouge",
      "Viande blanche",
      "Desserts",
      "Gibier",
      "Fromages forts",
      "Veggie"
    ],
    "IsWeightArticle": false,
    "WeightconversionFactor": "0",
    "IsBio": false,
    "CountryOfOrigin": "BELGIQUE",
    "IsExclusivelySoldInLuxembourg": false,
    "OrderUnit": "P",
    "AlcoholDisclaimermsg": true,
    "ShortName": "CHIMAY BLEU 8X33CL",
    "IsNew": false,
    "amountUnit": "kg",
    "CountryOfOriginISO": "BE",
    "EcoscoreLabel": "D",
    "ShowAlcoholLegalMsg": true,
    "LongName": "CHIMAY trappiste bleue 9,0%vol 8x33cl",
    "RecentQuanityOfStockUnits": "1",
    "AlcoholVolume": "9",
    "FicCode": "E",
    "DepositValue": [
      0.8
    ],
    "EcoscoreValue": "37"
  },
  {
    "technicalArticleNumber": "2957888",
    "commercialArticleNumber": "35856",
    "gtin": [
      "05400141358568",
      "05400141056280",
      "05411681401164",
      "05411681401249"
    ],
    "productId": "87785",
    "name": "Tripel hop citra 9,5%vol",
    "description": "*9,5 % vol\n*Bi\u00e8re blonde forte\n*Referment. en bout.",
    "brand": "DUVEL",
    "seoBrand": "Duvel",
    "thumbNail": "https://static.colruytgroup.com/images/200x200/std.lang.all/36/94/asset-3593694.jpg",
    "fullImage": "https://static.colruytgroup.com/images/500x500/std.lang.all/36/94/asset-3593694.jpg",
    "squareImage": "https://static.colruytgroup.com/images/500x500sq/std.lang.all/36/94/asset-3593694.jpg",
    "content": "6x33cl",
    "price": {
      "basicPrice": 13.03,
      "recommendedQuantity": "1.0",
      "measurementUnitPrice": 6.59,
      "measurementUnit": "L",
      "isRedPrice": false,
      "pricePerUOM": 6.59,
      "activationDate": "05-05-2025",
      "recordSource": "Offline",
      "isPromoActive": "N",
      "priceChangeCode": "E",
      "priceReason": "Reaction"
    },
    "isPriceAvailable": true,
    "channelAvailability": [
      "8_BE_STORE",
      "8_LU_STORE",
      "8_BE_COLLECT_NEXT_DAY",
      "8_BE_HOME_DELIVERY",
      "8_BE_HOME_DELIVERY_DRIVER"
    ],
    "businessDomain": "RETAIL_BE",
    "walkRouteSequenceNumber": 3951,
    "isAvailable": true,
    "inPromo": false,
    "topCategoryName": "Boissons",
    "topCategoryId": "354",
    "categories": [
      {
        "name": "Boissons",
        "id": "354",
        "children": [
          {
            "name": "Bi\u00e8res",
            "id": "389",
            "children": [
              {
                "name": "Blonde, blonde forte et triple b",
                "id": "394"
              }
            ]
          }
        ]
      }
    ],
    "foodPairing": [
      "Viande rouge",
      "Viande blanche",
      "Poisson",
      "Volaille",
      "Fromages forts",
      "Desserts",
      "Crustac\u00e9s",
      "Gibier"
    ],
    "CountryOfOrigin": "BELGIQUE",
    "IsExclusivelySoldInLuxembourg": false,
    "OrderUnit": "P",
    "AlcoholDisclaimermsg": true,
    "InSeason": true,
    "ShortName": "DUVEL TR.HOP CITRA6X33C",
    "IsNew": false,
    "ShowAlcoholLegalMsg": true,
    "RecentQuanityOfStockUnits": "1",
    "FicCode": "E",
    "IsPrivateLabel": false,
    "amount": 1.98,
    "IsBiffe": false,
    "IsWeightArticle": false,
    "WeightconversionFactor": "0",
    "IsBio": false,
    "amountUnit": "kg",
    "CountryOfOriginISO": "BE",
    "EcoscoreLabel": "D",
    "LongName": "DUVEL Tripel hop citra 9,5%vol 6x33cl",
    "AlcoholVolume": "9.5",
    "StartSeasonDate": "13/02/2017",
    "DepositValue": [
      0.6
    ],
    "EcoscoreValue": "37"
  },
  {
    "technicalArticleNumber": "2342071",
    "commercialArticleNumber": "24048",
    "gtin": [
      "05425017240457",
      "05400141988598"
    ],
    "productId": "59927",
    "name": "triple 9,0%vol",
    "description": "*Bi\u00e8re sp\u00e9ciale\n*9 % vol\n*Referment. en bout.",
    "brand": "STRAFFE HENDRIK",
    "seoBrand": "Straffe Hendrik",
    "thumbNail": "https://static.colruytgroup.com/images/200x200/std.lang.all/76/88/asset-387688.jpg",
    "fullImage": "https://static.colruytgroup.com/images/500x500/std.lang.all/76/88/asset-387688.jpg",
    "squareImage": "https://static.colruytgroup.com/images/500x500sq/std.lang.all/76/88/asset-387688.jpg",
    "content": "6x33cl",
    "price": {
      "basicPrice": 13.2,
      "recommendedQuantity": "1.0",
      "quantityPrice": 12.67,
      "quantityPriceQuantity": "3.0",
      "measurementUnitPrice": 6.67,
      "measurementUnitQuantityPrice": 6.4,
      "measurementUnit": "L",
      "isRedPrice": false,
      "pricePerUOM": 6.67,
      "activationDate": "14-05-2025",
      "recordSource": "Online",
      "isPromoActive": "N",
      "priceChangeCode": "H",
      "quantityPricePerUOM": 6.4,
      "quantityActivationDate": "14-05-2025",
      "quantityPriceChangeCode": "E",
      "priceReason": "Reaction"
    },
    "isPriceAvailable": true,
    "channelAvailability": [
      "8_BE_STORE",
      "8_BE_COLLECT_NEXT_DAY",
      "8_BE_HOME_DELIVERY_DRIVER"
    ],
    "businessDomain": "RETAIL_BE",
    "walkRouteSequenceNumber": 3964,
    "isAvailable": true,
    "inPromo": false,
    "topCategoryName": "Boissons",
    "topCategoryId": "354",
    "categories": [
      {
        "name": "Boissons",
        "id": "354",
        "children": [
          {
            "name": "Bi\u00e8res",
            "id": "389",
            "children": [
              {
                "name": "Blonde, blonde forte et triple b",
                "id": "394"
              }
            ]
          }
        ]
      }
    ],
    "IsPrivateLabel": false,
    "amount": 1.98,
    "IsBiffe": false,
    "foodPairing": [
      "Volaille",
      "Viande rouge",
      "Viande blanche",
      "Crustac\u00e9s",
      "Gibier",
      "Fromages forts",
      "Desserts",
      "Poisson"
    ],
    "IsWeightArticle": false,
    "WeightconversionFactor": "0",
    "IsBio": false,
    "CountryOfOrigin": "BELGIQUE",
    "IsExclusivelySoldInLuxembourg": false,
    "OrderUnit": "P",
    "AlcoholDisclaimermsg": true,
    "ShortName": "STRAFFE HENDRIK 6X33",
    "IsNew": false,
    "amountUnit": "kg",
    "CountryOfOriginISO": "BE",
    "EcoscoreLabel": "D",
    "ShowAlcoholLegalMsg": true,
    "LongName": "STRAFFE HENDRIK triple 9,0%vol 6x33cl",
    "RecentQuanityOfStockUnits": "1",
    "AlcoholVolume": "9",
    "FicCode": "E",
    "DepositValue": [
      0.6
    ],
    "EcoscoreValue": "37"
  },
  {
    "technicalArticleNumber": "4886444",
    "commercialArticleNumber": "31397",
    "gtin": [
      "05411283000017",
      "05400141564310"
    ],
    "productId": "1263537",
    "name": "Delta IPA 6%",
    "brand": "BRUSSELS BP",
    "seoBrand": "Brussels Beer Project",
    "thumbNail": "https://static.colruytgroup.com/images/200x200/std.lang.all/96/50/asset-3769650.jpg",
    "fullImage": "https://static.colruytgroup.com/images/500x500/std.lang.all/96/50/asset-3769650.jpg",
    "squareImage": "https://static.colruytgroup.com/images/500x500sq/std.lang.all/96/50/asset-3769650.jpg",
    "content": "6x33cl",
    "price": {
      "basicPrice": 13.33,
      "recommendedQuantity": "1.0",
      "measurementUnitPrice": 6.74,
      "measurementUnit": "L",
      "isRedPrice": false,
      "pricePerUOM": 6.74,
      "activationDate": "03-06-2025",
      "recordSource": "Offline",
      "isPromoActive": "N",
      "priceChangeCode": "E",
      "priceReason": "Reaction"
    },
    "isPriceAvailable": true,
    "channelAvailability": [
      "3_BE_STORE",
      "8_BE_STORE",
      "8_BE_COLLECT_NEXT_DAY",
      "8_BE_HOME_DELIVERY_DRIVER"
    ],
    "businessDomain": "RETAIL_BE",
    "walkRouteSequenceNumber": 3989,
    "isAvailable": true,
    "inPromo": false,
    "topCategoryName": "Boissons",
    "topCategoryId": "354",
    "categories": [
      {
        "name": "Boissons",
        "id": "354",
        "children": [
          {
            "name": "Bi\u00e8res",
            "id": "389",
            "children": [
              {
                "name": "Blonde, blonde forte et triple b",
                "id": "394"
              }
            ]
          }
        ]
      }
    ],
    "IsPrivateLabel": false,
    "amount": 1.98,
    "IsBiffe": false,
    "foodPairing": [
      "Salade",
      "P\u00e2tes & pizza",
      "Fromages doux",
      "Barbecue",
      "Ap\u00e9ritif",
      "Veggie"
    ],
    "IsWeightArticle": false,
    "WeightconversionFactor": "0",
    "IsBio": false,
    "CountryOfOrigin": "BELGIQUE",
    "IsExclusivelySoldInLuxembourg": false,
    "OrderUnit": "P",
    "AlcoholDisclaimermsg": true,
    "ShortName": "BBPR DELT IPA 6X33CL",
    "IsNew": false,
    "amountUnit": "kg",
    "CountryOfOriginISO": "BE",
    "EcoscoreLabel": "C",
    "ShowAlcoholLegalMsg": true,
    "LongName": "BRUSSELS BP Delta IPA 6% 6x33cl",
    "RecentQuanityOfStockUnits": "1",
    "AlcoholVolume": "6",
    "FicCode": "E",
    "DepositValue": [
      0.6
    ],
    "EcoscoreValue": "50"
  },
  {
    "technicalArticleNumber": "4892550",
    "commercialArticleNumber": "10319",
    "gtin": [
      "05400141690026"
    ],
    "productId": "1268389",
    "name": "6%+chapeau gratuit",
    "brand": "BRUSSELS BP",
    "seoBrand": "Brussels Beer Project",
    "thumbNail": "https://ecgproductmw.colruytgroup.com/ecgproductmw/noPicForArticle_2.jpg",
    "fullImage": "https://ecgproductmw.colruytgroup.com/ecgproductmw/noPicForArticle_5.jpg",
    "squareImage": "https://ecgproductmw.colruytgroup.com/ecgproductmw/noPicForArticle_5.jpg",
    "content": "6x33cl",
    "price": {
      "basicPrice": 13.33,
      "recommendedQuantity": "1.0",
      "measurementUnitPrice": 6.74,
      "measurementUnit": "L",
      "isRedPrice": false,
      "pricePerUOM": 6.74,
      "activationDate": "03-06-2025",
      "recordSource": "Offline",
      "isPromoActive": "N",
      "priceChangeCode": "E",
      "priceReason": "Reaction"
    },
    "isPriceAvailable": true,
    "channelAvailability": [
      "8_BE_STORE",
      "8_BE_COLLECT_NEXT_DAY",
      "8_BE_HOME_DELIVERY",
      "8_BE_HOME_DELIVERY_DRIVER"
    ],
    "businessDomain": "RETAIL_BE",
    "walkRouteSequenceNumber": 3990,
    "isAvailable": true,
    "inPromo": false,
    "topCategoryName": "Boissons",
    "topCategoryId": "354",
    "categories": [
      {
        "name": "Boissons",
        "id": "354",
        "children": [
          {
            "name": "Bi\u00e8res",
            "id": "389",
            "children": [
              {
                "name": "Bi\u00e8res 75cl, Emballages Cadeaux",
                "id": "1066"
              }
            ]
          }
        ]
      }
    ],
    "IsPrivateLabel": false,
    "amount": 1.98,
    "IsBiffe": false,
    "foodPairing": [
      "Veggie",
      "Salade",
      "P\u00e2tes & pizza",
      "Fromages doux",
      "Barbecue",
      "Ap\u00e9ritif"
    ],
    "IsWeightArticle": false,
    "WeightconversionFactor": "0",
    "IsBio": false,
    "CountryOfOrigin": "BELGIQUE",
    "IsExclusivelySoldInLuxembourg": false,
    "OrderUnit": "P",
    "AlcoholDisclaimermsg": true,
    "ShortName": "BBPR DELT IPA+CHAP6X33C",
    "IsNew": false,
    "amountUnit": "kg",
    "CountryOfOriginISO": "BE",
    "EcoscoreLabel": "C",
    "ShowAlcoholLegalMsg": true,
    "LongName": "BRUSSELS BP 6%+chapeau gratuit 6x33cl",
    "RecentQuanityOfStockUnits": "1",
    "AlcoholVolume": "6",
    "FicCode": "E",
    "DepositValue": [
      0.6
    ],
    "EcoscoreValue": "50"
  },
  {
    "technicalArticleNumber": "4077735",
    "commercialArticleNumber": "7432",
    "gtin": [
      "05400141275438",
      "05411681406039"
    ],
    "productId": "506082",
    "name": "Tripel hop cashmere 9,5%vol",
    "description": "*Bi\u00e8re blonde forte\n*9,5 % vol\n*Referment. en bout.\n*Duvel Moortgat",
    "brand": "DUVEL",
    "seoBrand": "Duvel",
    "thumbNail": "https://static.colruytgroup.com/images/200x200/std.lang.all/29/98/asset-2372998.jpg",
    "fullImage": "https://static.colruytgroup.com/images/500x500/std.lang.all/29/98/asset-2372998.jpg",
    "squareImage": "https://static.colruytgroup.com/images/500x500sq/std.lang.all/29/98/asset-2372998.jpg",
    "content": "6x33cl",
    "price": {
      "basicPrice": 13.62,
      "recommendedQuantity": "1.0",
      "measurementUnitPrice": 6.88,
      "measurementUnit": "L",
      "isRedPrice": false,
      "pricePerUOM": 6.88,
      "activationDate": "23-04-2025",
      "recordSource": "Online",
      "isPromoActive": "N",
      "priceChangeCode": "E",
      "priceReason": "Reaction"
    },
    "isPriceAvailable": true,
    "channelAvailability": [
      "8_BE_STORE",
      "8_LU_STORE",
      "8_BE_COLLECT_NEXT_DAY",
      "8_BE_HOME_DELIVERY",
      "8_BE_HOME_DELIVERY_DRIVER"
    ],
    "businessDomain": "RETAIL_BE",
    "walkRouteSequenceNumber": 3950,
    "isAvailable": true,
    "inPromo": false,
    "topCategoryName": "Boissons",
    "topCategoryId": "354",
    "categories": [
      {
        "name": "Boissons",
        "id": "354",
        "children": [
          {
            "name": "Bi\u00e8res",
            "id": "389",
            "children": [
              {
                "name": "Blonde, blonde forte et triple b",
                "id": "394"
              }
            ]
          }
        ]
      }
    ],
    "foodPairing": [
      "Fromages forts",
      "P\u00e2tes & pizza",
      "Poisson",
      "Ap\u00e9ritif",
      "Crustac\u00e9s",
      "Barbecue"
    ],
    "CountryOfOrigin": "BELGIQUE",
    "IsExclusivelySoldInLuxembourg": false,
    "OrderUnit": "P",
    "AlcoholDisclaimermsg": true,
    "InSeason": true,
    "ShortName": "DUVEL TR.HOP CASH.6X33C",
    "IsNew": false,
    "ShowAlcoholLegalMsg": true,
    "RecentQuanityOfStockUnits": "1",
    "FicCode": "E",
    "IsPrivateLabel": false,
    "amount": 1.98,
    "IsBiffe": false,
    "IsWeightArticle": false,
    "WeightconversionFactor": "0",
    "IsBio": false,
    "amountUnit": "kg",
    "CountryOfOriginISO": "BE",
    "EcoscoreLabel": "D",
    "LongName": "DUVEL Tripel hop cashmere 9,5%vol 6x33cl",
    "AlcoholVolume": "9.5",
    "StartSeasonDate": "04/02/2020",
    "DepositValue": [
      0.6
    ],
    "EcoscoreValue": "37"
  },
  {
    "technicalArticleNumber": "3270566",
    "commercialArticleNumber": "21104",
    "gtin": [
      "05412858000104",
      "05400141087598"
    ],
    "productId": "156386",
    "name": "10 11,3%vol",
    "description": "*11,3 % vol\n*Bi\u00e8re trappiste\n*Referment. en bout.",
    "brand": "TRAPPISTES ROCHEFORT",
    "seoBrand": "Trappistes Rochefort",
    "thumbNail": "https://static.colruytgroup.com/images/200x200/std.lang.all/71/41/asset-547141.jpg",
    "fullImage": "https://static.colruytgroup.com/images/500x500/std.lang.all/71/41/asset-547141.jpg",
    "squareImage": "https://static.colruytgroup.com/images/500x500sq/std.lang.all/71/41/asset-547141.jpg",
    "content": "6x33cl",
    "price": {
      "basicPrice": 13.74,
      "recommendedQuantity": "1.0",
      "measurementUnitPrice": 6.94,
      "measurementUnit": "L",
      "isRedPrice": false,
      "pricePerUOM": 6.94,
      "activationDate": "08-10-2024",
      "recordSource": "Offline",
      "isPromoActive": "N",
      "priceChangeCode": "H",
      "priceReason": "Reaction"
    },
    "isPriceAvailable": true,
    "channelAvailability": [
      "3_BE_STORE",
      "8_BE_STORE",
      "8_BE_COLLECT_NEXT_DAY",
      "8_BE_HOME_DELIVERY",
      "8_BE_HOME_DELIVERY_DRIVER"
    ],
    "businessDomain": "RETAIL_BE",
    "walkRouteSequenceNumber": 3830,
    "isAvailable": true,
    "inPromo": false,
    "topCategoryName": "Boissons",
    "topCategoryId": "354",
    "categories": [
      {
        "name": "Boissons",
        "id": "354",
        "children": [
          {
            "name": "Bi\u00e8res",
            "id": "389",
            "children": [
              {
                "name": "Bi\u00e8re d'Abbaye et Trappiste brune",
                "id": "1851"
              }
            ]
          }
        ]
      }
    ],
    "IsPrivateLabel": false,
    "amount": 1.98,
    "IsBiffe": false,
    "foodPairing": [
      "Desserts",
      "Fromages forts",
      "Gibier",
      "Veggie",
      "Viande blanche",
      "Viande rouge"
    ],
    "IsWeightArticle": false,
    "WeightconversionFactor": "0",
    "IsBio": false,
    "CountryOfOrigin": "BELGIQUE",
    "IsExclusivelySoldInLuxembourg": false,
    "OrderUnit": "P",
    "AlcoholDisclaimermsg": true,
    "ShortName": "ROCHEFORT 10 6X33CL",
    "IsNew": false,
    "amountUnit": "kg",
    "CountryOfOriginISO": "BE",
    "EcoscoreLabel": "B",
    "ShowAlcoholLegalMsg": true,
    "LongName": "TRAPPISTES ROCHEFORT 10 11,3%vol 6x33cl",
    "RecentQuanityOfStockUnits": "1",
    "AlcoholVolume": "11.3",
    "FicCode": "I",
    "DepositValue": [
      0.6
    ],
    "EcoscoreValue": "72"
  },
  {
    "technicalArticleNumber": "1460118",
    "commercialArticleNumber": "7659",
    "gtin": [
      "00000025076592",
      "05410702030130",
      "05410702000133",
      "05400141076592"
    ],
    "productId": "17624",
    "name": "bi\u00e8re blonde 8,5%vol",
    "description": "*Bi\u00e8re sp\u00e9ciale\n*8,5 % vol\n*Referment. en bout.",
    "brand": "MOINETTE",
    "seoBrand": "Moinette",
    "thumbNail": "https://static.colruytgroup.com/images/200x200/std.lang.all/25/75/asset-3682575.jpg",
    "fullImage": "https://static.colruytgroup.com/images/500x500/std.lang.all/25/75/asset-3682575.jpg",
    "squareImage": "https://static.colruytgroup.com/images/500x500sq/std.lang.all/25/75/asset-3682575.jpg",
    "content": "6x33cl",
    "price": {
      "basicPrice": 13.98,
      "recommendedQuantity": "1.0",
      "quantityPrice": 12.86,
      "quantityPriceQuantity": "3.0",
      "measurementUnitPrice": 7.07,
      "measurementUnitQuantityPrice": 6.5,
      "measurementUnit": "L",
      "isRedPrice": false,
      "pricePerUOM": 7.07,
      "activationDate": "03-06-2025",
      "isPromoActive": "N",
      "priceChangeCode": "H",
      "quantityPricePerUOM": 6.5,
      "quantityActivationDate": "03-06-2025",
      "quantityPriceChangeCode": "H",
      "priceReason": "Market"
    },
    "isPriceAvailable": true,
    "channelAvailability": [
      "8_BE_STORE",
      "8_LU_STORE",
      "8_BE_COLLECT_NEXT_DAY",
      "8_BE_HOME_DELIVERY_DRIVER"
    ],
    "businessDomain": "RETAIL_BE",
    "walkRouteSequenceNumber": 3925,
    "isAvailable": true,
    "inPromo": false,
    "topCategoryName": "Boissons",
    "topCategoryId": "354",
    "categories": [
      {
        "name": "Boissons",
        "id": "354",
        "children": [
          {
            "name": "Bi\u00e8res",
            "id": "389",
            "children": [
              {
                "name": "Blonde, blonde forte et triple b",
                "id": "394"
              }
            ]
          }
        ]
      }
    ],
    "IsPrivateLabel": false,
    "amount": 1.98,
    "IsBiffe": false,
    "foodPairing": [
      "Desserts",
      "Fromages forts",
      "Gibier",
      "Poisson",
      "Viande blanche",
      "Viande rouge",
      "Volaille",
      "Crustac\u00e9s"
    ],
    "IsWeightArticle": false,
    "WeightconversionFactor": "0",
    "IsBio": false,
    "CountryOfOrigin": "BELGIQUE",
    "IsExclusivelySoldInLuxembourg": false,
    "OrderUnit": "P",
    "AlcoholDisclaimermsg": true,
    "ShortName": "RE MOINETTE BLOND 6X33C",
    "IsNew": false,
    "amountUnit": "kg",
    "CountryOfOriginISO": "BE",
    "EcoscoreLabel": "D",
    "ShowAlcoholLegalMsg": true,
    "LongName": "MOINETTE bi\u00e8re blonde 8,5%vol 6x33cl",
    "RecentQuanityOfStockUnits": "1",
    "AlcoholVolume": "8.5",
    "FicCode": "E",
    "DepositValue": [
      0.6
    ],
    "EcoscoreValue": "37"
  },
  {
    "technicalArticleNumber": "3658138",
    "commercialArticleNumber": "14695",
    "gtin": [
      "05400141030778",
      "05410702030536"
    ],
    "productId": "275505",
    "name": "bi\u00e8re blonde 7,5%vol bio",
    "description": "*Bi\u00e8re sp\u00e9ciale\n*7,5 % vol\n*Referment. en bout.",
    "brand": "MOINETTE",
    "seoBrand": "Moinette",
    "thumbNail": "https://static.colruytgroup.com/images/200x200/std.lang.all/48/52/asset-3444852.jpg",
    "fullImage": "https://static.colruytgroup.com/images/500x500/std.lang.all/48/52/asset-3444852.jpg",
    "squareImage": "https://static.colruytgroup.com/images/500x500sq/std.lang.all/48/52/asset-3444852.jpg",
    "content": "6x33cl",
    "price": {
      "basicPrice": 13.98,
      "recommendedQuantity": "1.0",
      "quantityPrice": 13.42,
      "quantityPriceQuantity": "3.0",
      "measurementUnitPrice": 7.07,
      "measurementUnitQuantityPrice": 6.78,
      "measurementUnit": "L",
      "isRedPrice": false,
      "pricePerUOM": 7.07,
      "activationDate": "10-05-2025",
      "isPromoActive": "N",
      "priceChangeCode": "E",
      "quantityPricePerUOM": 6.78,
      "quantityActivationDate": "10-05-2025",
      "quantityPriceChangeCode": "E",
      "priceReason": "Market"
    },
    "isPriceAvailable": true,
    "channelAvailability": [
      "8_BE_STORE",
      "8_BE_COLLECT_NEXT_DAY",
      "8_BE_HOME_DELIVERY",
      "8_BE_HOME_DELIVERY_DRIVER"
    ],
    "businessDomain": "RETAIL_BE",
    "walkRouteSequenceNumber": 3924,
    "isAvailable": true,
    "inPromo": false,
    "topCategoryName": "Boissons",
    "topCategoryId": "354",
    "categories": [
      {
        "name": "Boissons",
        "id": "354",
        "children": [
          {
            "name": "Bi\u00e8res",
            "id": "389",
            "children": [
              {
                "name": "Blonde, blonde forte et triple b",
                "id": "394"
              }
            ]
          }
        ]
      }
    ],
    "IsPrivateLabel": false,
    "amount": 1.98,
    "IsBiffe": false,
    "foodPairing": [
      "Volaille",
      "Viande rouge",
      "Viande blanche",
      "Crustac\u00e9s",
      "Gibier",
      "Fromages forts",
      "Desserts",
      "Poisson"
    ],
    "IsWeightArticle": false,
    "WeightconversionFactor": "0",
    "IsBio": true,
    "CountryOfOrigin": "BELGIQUE",
    "IsExclusivelySoldInLuxembourg": false,
    "OrderUnit": "P",
    "AlcoholDisclaimermsg": true,
    "ShortName": "RE MOINETTE BIO 6X33CL",
    "IsNew": false,
    "amountUnit": "kg",
    "CountryOfOriginISO": "BE",
    "EcoscoreLabel": "D",
    "ShowAlcoholLegalMsg": true,
    "LongName": "MOINETTE bi\u00e8re blonde 7,5%vol bio 6x33cl",
    "RecentQuanityOfStockUnits": "1",
    "AlcoholVolume": "7.5",
    "FicCode": "E",
    "DepositValue": [
      0.6
    ],
    "EcoscoreValue": "37"
  },
  {
    "technicalArticleNumber": "4892406",
    "commercialArticleNumber": "9552",
    "productId": "1268054",
    "name": "8,5%+sous-verre gratuit",
    "description": "*8,5% vol",
    "brand": "MOINETTE",
    "seoBrand": "Moinette",
    "thumbNail": "https://ecgproductmw.colruytgroup.com/ecgproductmw/noPicForArticle_2.jpg",
    "fullImage": "https://ecgproductmw.colruytgroup.com/ecgproductmw/noPicForArticle_5.jpg",
    "squareImage": "https://ecgproductmw.colruytgroup.com/ecgproductmw/noPicForArticle_5.jpg",
    "content": "6x33cl",
    "price": {
      "basicPrice": 13.98,
      "recommendedQuantity": "1.0",
      "quantityPrice": 12.86,
      "quantityPriceQuantity": "3.0",
      "measurementUnitPrice": 7.07,
      "measurementUnitQuantityPrice": 6.5,
      "measurementUnit": "L",
      "isRedPrice": false,
      "pricePerUOM": 7.07,
      "activationDate": "03-06-2025",
      "isPromoActive": "N",
      "priceChangeCode": "E",
      "quantityPricePerUOM": 6.5,
      "quantityActivationDate": "03-06-2025",
      "quantityPriceChangeCode": "E",
      "priceReason": "FALLBACK"
    },
    "isPriceAvailable": true,
    "channelAvailability": [
      "8_BE_STORE",
      "8_BE_COLLECT_NEXT_DAY",
      "8_BE_HOME_DELIVERY_DRIVER"
    ],
    "businessDomain": "RETAIL_BE",
    "walkRouteSequenceNumber": 3926,
    "isAvailable": true,
    "inPromo": false,
    "topCategoryName": "Boissons",
    "topCategoryId": "354",
    "categories": [
      {
        "name": "Boissons",
        "id": "354",
        "children": [
          {
            "name": "Bi\u00e8res",
            "id": "389",
            "children": [
              {
                "name": "Blonde, blonde forte et triple b",
                "id": "394"
              }
            ]
          }
        ]
      }
    ],
    "IsPrivateLabel": false,
    "amount": 1.98,
    "IsBiffe": false,
    "foodPairing": [
      "Volaille",
      "Viande rouge",
      "Viande blanche",
      "Poisson",
      "Gibier",
      "Fromages forts",
      "Desserts",
      "Crustac\u00e9s"
    ],
    "IsWeightArticle": false,
    "WeightconversionFactor": "0",
    "IsBio": false,
    "CountryOfOrigin": "BELGIQUE",
    "IsExclusivelySoldInLuxembourg": false,
    "OrderUnit": "P",
    "AlcoholDisclaimermsg": true,
    "ShortName": "MOIN BL+SOUSVERRE6X33C",
    "IsNew": false,
    "amountUnit": "kg",
    "CountryOfOriginISO": "BE",
    "EcoscoreLabel": "D",
    "ShowAlcoholLegalMsg": true,
    "LongName": "MOINETTE 8,5%+sous-verre gratuit 6x33cl",
    "RecentQuanityOfStockUnits": "1",
    "AlcoholVolume": "8.5",
    "FicCode": "E",
    "DepositValue": [
      0.6
    ],
    "EcoscoreValue": "37"
  },
  {
    "technicalArticleNumber": "4890841",
    "commercialArticleNumber": "2926",
    "gtin": [
      "05410228327288"
    ],
    "productId": "1266853",
    "name": "Blonde 8,4%",
    "brand": "TRIPEL KARMELIET",
    "seoBrand": "Tripel Karmeliet",
    "thumbNail": "https://static.colruytgroup.com/images/200x200/std.lang.all/30/32/asset-3813032.jpg",
    "fullImage": "https://static.colruytgroup.com/images/500x500/std.lang.all/30/32/asset-3813032.jpg",
    "squareImage": "https://static.colruytgroup.com/images/500x500sq/std.lang.all/30/32/asset-3813032.jpg",
    "content": "12x25cl",
    "price": {
      "basicPrice": 13.99,
      "recommendedQuantity": "1.0",
      "measurementUnitPrice": 4.67,
      "measurementUnit": "L",
      "isRedPrice": false,
      "pricePerUOM": 4.67,
      "activationDate": "05-06-2025",
      "recordSource": "Offline",
      "isPromoActive": "N",
      "priceChangeCode": "E",
      "priceReason": "Reaction"
    },
    "isPriceAvailable": true,
    "channelAvailability": [
      "8_BE_STORE",
      "8_LU_STORE",
      "8_BE_COLLECT_NEXT_DAY",
      "8_BE_HOME_DELIVERY",
      "8_BE_HOME_DELIVERY_DRIVER"
    ],
    "businessDomain": "RETAIL_BE",
    "walkRouteSequenceNumber": 1494,
    "isAvailable": true,
    "inPromo": false,
    "topCategoryName": "Boissons",
    "topCategoryId": "354",
    "categories": [
      {
        "name": "Boissons",
        "id": "354",
        "children": [
          {
            "name": "Bi\u00e8res",
            "id": "389",
            "children": [
              {
                "name": "Blonde, blonde forte et triple b",
                "id": "394"
              }
            ]
          }
        ]
      }
    ],
    "IsPrivateLabel": false,
    "amount": {
      "source": "3.0",
      "parsedValue": 3
    },
    "IsBiffe": false,
    "foodPairing": [
      "Poisson",
      "Viande blanche",
      "Viande rouge",
      "Volaille",
      "Crustac\u00e9s",
      "Desserts",
      "Fromages forts",
      "Gibier"
    ],
    "IsWeightArticle": false,
    "WeightconversionFactor": "0",
    "IsBio": false,
    "CountryOfOrigin": "BELGIQUE",
    "IsExclusivelySoldInLuxembourg": false,
    "OrderUnit": "P",
    "AlcoholDisclaimermsg": true,
    "ShortName": "KARM TRIP BLOND 12X25CL",
    "IsNew": false,
    "amountUnit": "kg",
    "CountryOfOriginISO": "BE",
    "ShowAlcoholLegalMsg": true,
    "LongName": "TRIPEL KARMELIET Blonde 8,4% 12x25cl",
    "RecentQuanityOfStockUnits": "1",
    "AlcoholVolume": "8.4",
    "FicCode": "E",
    "DepositValue": [
      1.2
    ]
  },
  {
    "technicalArticleNumber": "5109",
    "commercialArticleNumber": "5109",
    "gtin": [
      "05410218110067",
      "00000025051094",
      "05400141051094"
    ],
    "productId": "427",
    "name": "Special Export 8,0%vol",
    "description": "*Bi\u00e8re fonc\u00e9e\u00a0irlandaise\n*Stout\n*8 % vol",
    "brand": "GUINNESS",
    "seoBrand": "Guinness",
    "thumbNail": "https://static.colruytgroup.com/images/200x200/std.lang.all/25/74/asset-3682574.jpg",
    "fullImage": "https://static.colruytgroup.com/images/500x500/std.lang.all/25/74/asset-3682574.jpg",
    "squareImage": "https://static.colruytgroup.com/images/500x500sq/std.lang.all/25/74/asset-3682574.jpg",
    "content": "6x33cl",
    "price": {
      "basicPrice": 14.47,
      "recommendedQuantity": "1.0",
      "quantityPrice": 13.89,
      "quantityPriceQuantity": "3.0",
      "measurementUnitPrice": 7.31,
      "measurementUnitQuantityPrice": 7.02,
      "measurementUnit": "L",
      "isRedPrice": false,
      "pricePerUOM": 7.31,
      "activationDate": "21-05-2025",
      "recordSource": "Offline",
      "isPromoActive": "N",
      "priceChangeCode": "H",
      "quantityPricePerUOM": 7.02,
      "quantityActivationDate": "21-05-2025",
      "quantityPriceChangeCode": "H",
      "priceReason": "Reaction"
    },
    "isPriceAvailable": true,
    "channelAvailability": [
      "8_BE_STORE",
      "8_LU_STORE",
      "8_BE_COLLECT_NEXT_DAY",
      "8_BE_HOME_DELIVERY",
      "8_BE_HOME_DELIVERY_DRIVER"
    ],
    "businessDomain": "RETAIL_BE",
    "walkRouteSequenceNumber": 3883,
    "isAvailable": true,
    "inPromo": false,
    "topCategoryName": "Boissons",
    "topCategoryId": "354",
    "categories": [
      {
        "name": "Boissons",
        "id": "354",
        "children": [
          {
            "name": "Bi\u00e8res",
            "id": "389",
            "children": [
              {
                "name": "Bi\u00e8re brune et forte",
                "id": "1848"
              }
            ]
          }
        ]
      }
    ],
    "IsPrivateLabel": false,
    "amount": 1.98,
    "IsBiffe": false,
    "foodPairing": [
      "Viande rouge",
      "Gibier",
      "Fromages forts",
      "Desserts"
    ],
    "IsWeightArticle": false,
    "WeightconversionFactor": "0",
    "IsBio": false,
    "CountryOfOrigin": "IRLANDE",
    "IsExclusivelySoldInLuxembourg": false,
    "OrderUnit": "P",
    "AlcoholDisclaimermsg": true,
    "ShortName": "GUIN SPEC.EXP. 6X33CL",
    "IsNew": false,
    "amountUnit": "kg",
    "CountryOfOriginISO": "IE",
    "EcoscoreLabel": "D",
    "ShowAlcoholLegalMsg": true,
    "LongName": "GUINNESS Special Export 8,0%vol 6x33cl",
    "RecentQuanityOfStockUnits": "1",
    "AlcoholVolume": "8",
    "FicCode": "E",
    "DepositValue": [
      0.6
    ],
    "EcoscoreValue": "37"
  },
  {
    "technicalArticleNumber": "1371656",
    "commercialArticleNumber": "5496",
    "gtin": [
      "05411206000209",
      "00000054040014",
      "05400141054965"
    ],
    "productId": "11183",
    "name": "trappiste 6,2%vol",
    "description": "*Bi\u00e8re trappiste\n*6,2 % vol\n*Referment. en bout.",
    "brand": "ORVAL",
    "seoBrand": "Orval",
    "thumbNail": "https://static.colruytgroup.com/images/200x200/std.lang.all/88/02/asset-1208802.jpg",
    "fullImage": "https://static.colruytgroup.com/images/500x500/std.lang.all/88/02/asset-1208802.jpg",
    "squareImage": "https://static.colruytgroup.com/images/500x500sq/std.lang.all/88/02/asset-1208802.jpg",
    "content": "6x33cl",
    "price": {
      "basicPrice": 14.92,
      "recommendedQuantity": "1.0",
      "measurementUnitPrice": 7.54,
      "measurementUnit": "L",
      "isRedPrice": false,
      "pricePerUOM": 7.54,
      "activationDate": "12-05-2025",
      "isPromoActive": "N",
      "priceChangeCode": "E",
      "priceReason": "Market"
    },
    "isPriceAvailable": true,
    "channelAvailability": [
      "8_BE_STORE"
    ],
    "businessDomain": "RETAIL_BE",
    "walkRouteSequenceNumber": 3844,
    "isAvailable": true,
    "inPromo": false,
    "topCategoryName": "Boissons",
    "topCategoryId": "354",
    "categories": [
      {
        "name": "Boissons",
        "id": "354",
        "children": [
          {
            "name": "Bi\u00e8res",
            "id": "389",
            "children": [
              {
                "name": "Bi\u00e8re d'Abbaye, Trappiste blonde & amb",
                "id": "391"
              }
            ]
          }
        ]
      }
    ],
    "foodPairing": [
      "Fromages forts",
      "Desserts",
      "Gibier",
      "Poisson",
      "Veggie",
      "Viande blanche",
      "Crustac\u00e9s",
      "Volaille",
      "Viande rouge"
    ],
    "CountryOfOrigin": "BELGIQUE",
    "IsExclusivelySoldInLuxembourg": false,
    "OrderUnit": "P",
    "AlcoholDisclaimermsg": true,
    "InSeason": true,
    "ShortName": "RE ORVAL 6X33CL.",
    "IsNew": false,
    "ShowAlcoholLegalMsg": true,
    "RecentQuanityOfStockUnits": "1",
    "FicCode": "E",
    "IsPrivateLabel": false,
    "amount": 1.98,
    "IsBiffe": false,
    "IsWeightArticle": false,
    "WeightconversionFactor": "0",
    "IsBio": false,
    "amountUnit": "kg",
    "CountryOfOriginISO": "BE",
    "EcoscoreLabel": "D",
    "LongName": "ORVAL trappiste 6,2%vol 6x33cl",
    "AlcoholVolume": "6.2",
    "StartSeasonDate": "13/12/2006",
    "DepositValue": [
      0.6
    ],
    "EcoscoreValue": "37"
  },
  {
    "technicalArticleNumber": "1778012",
    "commercialArticleNumber": "5871",
    "gtin": [
      "05400141958713",
      "00000025058710",
      "05412783052025"
    ],
    "productId": "33550",
    "name": "oude geuze 7,0%vol",
    "description": "*Gueuze\n*7 % vol\n*Referment. en bout.",
    "brand": "BOON",
    "seoBrand": "Boon",
    "thumbNail": "https://static.colruytgroup.com/images/200x200/std.lang.all/75/69/asset-3487569.jpg",
    "fullImage": "https://static.colruytgroup.com/images/500x500/std.lang.all/75/69/asset-3487569.jpg",
    "squareImage": "https://static.colruytgroup.com/images/500x500sq/std.lang.all/75/69/asset-3487569.jpg",
    "content": "6x37,5cl",
    "price": {
      "basicPrice": 14.94,
      "recommendedQuantity": "1.0",
      "quantityPrice": 14.34,
      "quantityPriceQuantity": "3.0",
      "measurementUnitPrice": 6.64,
      "measurementUnitQuantityPrice": 6.38,
      "measurementUnit": "L",
      "isRedPrice": false,
      "pricePerUOM": 6.64,
      "activationDate": "23-04-2025",
      "recordSource": "Offline",
      "isPromoActive": "Y",
      "priceChangeCode": "E",
      "quantityPricePerUOM": 6.38,
      "quantityActivationDate": "23-04-2025",
      "quantityPriceChangeCode": "E",
      "priceReason": "Reaction"
    },
    "isPriceAvailable": true,
    "channelAvailability": [
      "8_BE_STORE",
      "8_BE_COLLECT_NEXT_DAY",
      "8_BE_HOME_DELIVERY",
      "8_BE_HOME_DELIVERY_DRIVER"
    ],
    "businessDomain": "RETAIL_BE",
    "walkRouteSequenceNumber": 4057,
    "isAvailable": true,
    "inPromo": false,
    "topCategoryName": "Boissons",
    "topCategoryId": "354",
    "categories": [
      {
        "name": "Boissons",
        "id": "354",
        "children": [
          {
            "name": "Bi\u00e8res",
            "id": "389",
            "children": [
              {
                "name": "Rouge brune, saison, gueuze, bi\u00e8re ambr",
                "id": "393"
              }
            ]
          }
        ]
      }
    ],
    "IsPrivateLabel": false,
    "amount": 2.25,
    "IsBiffe": false,
    "foodPairing": [
      "Veggie",
      "Salade",
      "Gibier",
      "Ap\u00e9ritif",
      "Crustac\u00e9s",
      "Barbecue",
      "Fromages forts"
    ],
    "IsWeightArticle": false,
    "WeightconversionFactor": "0",
    "IsBio": false,
    "CountryOfOrigin": "BELGIQUE",
    "IsExclusivelySoldInLuxembourg": false,
    "OrderUnit": "P",
    "AlcoholDisclaimermsg": true,
    "ShortName": "BOON VEIL GEUZE 6X37.5",
    "IsNew": false,
    "amountUnit": "kg",
    "CountryOfOriginISO": "BE",
    "ShowAlcoholLegalMsg": true,
    "LongName": "BOON oude geuze 7,0%vol 6x37,5cl",
    "RecentQuanityOfStockUnits": "1",
    "AlcoholVolume": "7",
    "FicCode": "E",
    "DepositValue": [
      1.2
    ]
  },
  {
    "technicalArticleNumber": "5030",
    "commercialArticleNumber": "5030",
    "gtin": [
      "05410228213185",
      "05410228206293",
      "05410228142027",
      "05410228134527"
    ],
    "productId": "375",
    "name": "pils 5,2% bac",
    "description": "*Pils\n*5,2% vol",
    "brand": "JUPILER",
    "seoBrand": "Jupiler",
    "thumbNail": "https://static.colruytgroup.com/images/200x200/std.lang.all/91/04/asset-3159104.jpg",
    "fullImage": "https://static.colruytgroup.com/images/500x500/std.lang.all/91/04/asset-3159104.jpg",
    "squareImage": "https://static.colruytgroup.com/images/500x500sq/std.lang.all/91/04/asset-3159104.jpg",
    "content": "24x25cl",
    "price": {
      "basicPrice": 15.19,
      "recommendedQuantity": "1.0",
      "measurementUnitPrice": 2.54,
      "measurementUnit": "L",
      "isRedPrice": false,
      "pricePerUOM": 2.54,
      "activationDate": "05-06-2025",
      "recordSource": "Offline",
      "isPromoActive": "N",
      "priceChangeCode": "E",
      "priceReason": "Reaction"
    },
    "isPriceAvailable": true,
    "channelAvailability": [
      "3_BE_STORE",
      "8_BE_STORE",
      "8_LU_STORE",
      "8_BE_COLLECT_NEXT_DAY",
      "8_BE_HOME_DELIVERY",
      "8_BE_HOME_DELIVERY_DRIVER"
    ],
    "businessDomain": "RETAIL_BE",
    "walkRouteSequenceNumber": 4004,
    "isAvailable": true,
    "inPromo": false,
    "topCategoryName": "Boissons",
    "topCategoryId": "354",
    "categories": [
      {
        "name": "Boissons",
        "id": "354",
        "children": [
          {
            "name": "Bi\u00e8res",
            "id": "389",
            "children": [
              {
                "name": "Pils",
                "id": "1551",
                "children": [
                  {
                    "name": "Pils en bouteille",
                    "id": "1552"
                  }
                ]
              }
            ]
          }
        ]
      }
    ],
    "IsPrivateLabel": false,
    "amount": {
      "source": "6.0",
      "parsedValue": 6
    },
    "IsBiffe": false,
    "foodPairing": [
      "Veggie",
      "Fromages doux",
      "Crustac\u00e9s",
      "Ap\u00e9ritif",
      "Salade",
      "Volaille",
      "Poisson",
      "P\u00e2tes & pizza"
    ],
    "IsWeightArticle": false,
    "WeightconversionFactor": "0",
    "IsBio": false,
    "CountryOfOrigin": "BELGIQUE",
    "IsExclusivelySoldInLuxembourg": false,
    "OrderUnit": "P",
    "AlcoholDisclaimermsg": true,
    "ShortName": "JUPI PILS 24X25CL",
    "IsNew": false,
    "amountUnit": "kg",
    "CountryOfOriginISO": "BE",
    "ShowAlcoholLegalMsg": true,
    "LongName": "JUPILER pils 5,2% bac 24x25cl",
    "RecentQuanityOfStockUnits": "70,1",
    "AlcoholVolume": "5.2",
    "FicCode": "E",
    "DepositValue": [
      4.5
    ]
  },
  {
    "technicalArticleNumber": "5021",
    "commercialArticleNumber": "5021",
    "gtin": [
      "05410078001413",
      "00000054055575",
      "00000054055001",
      "05410078235498"
    ],
    "productId": "374",
    "name": "pils 5.0%vol",
    "description": "*Pils belge\n*Ingr\u00e9dients locaux\n*Houblonn\u00e9e\n*EBU 26\n*5,0% VOL",
    "brand": "CRISTAL ALKEN",
    "seoBrand": "Cristal Alken",
    "thumbNail": "https://static.colruytgroup.com/images/200x200/std.lang.all/96/10/asset-3379610.jpg",
    "fullImage": "https://static.colruytgroup.com/images/500x500/std.lang.all/96/10/asset-3379610.jpg",
    "squareImage": "https://static.colruytgroup.com/images/500x500sq/std.lang.all/96/10/asset-3379610.jpg",
    "content": "24x25cl",
    "price": {
      "basicPrice": 15.39,
      "recommendedQuantity": "1.0",
      "measurementUnitPrice": 2.57,
      "measurementUnit": "L",
      "isRedPrice": false,
      "pricePerUOM": 2.57,
      "activationDate": "02-06-2025",
      "recordSource": "Offline",
      "isPromoActive": "N",
      "priceChangeCode": "H",
      "priceReason": "Reaction"
    },
    "isPriceAvailable": true,
    "channelAvailability": [
      "3_BE_STORE",
      "8_BE_STORE",
      "8_BE_COLLECT_NEXT_DAY",
      "8_BE_HOME_DELIVERY",
      "8_BE_HOME_DELIVERY_DRIVER"
    ],
    "businessDomain": "RETAIL_BE",
    "walkRouteSequenceNumber": 4151,
    "isAvailable": true,
    "inPromo": false,
    "topCategoryName": "Boissons",
    "topCategoryId": "354",
    "categories": [
      {
        "name": "Boissons",
        "id": "354",
        "children": [
          {
            "name": "Bi\u00e8res",
            "id": "389",
            "children": [
              {
                "name": "Pils",
                "id": "1551",
                "children": [
                  {
                    "name": "Pils en bouteille",
                    "id": "1552"
                  }
                ]
              }
            ]
          }
        ]
      }
    ],
    "IsPrivateLabel": false,
    "amount": {
      "source": "6.0",
      "parsedValue": 6
    },
    "IsBiffe": false,
    "foodPairing": [
      "Poisson",
      "Fromages doux",
      "Crustac\u00e9s",
      "Volaille",
      "Veggie",
      "P\u00e2tes & pizza",
      "Salade",
      "Ap\u00e9ritif"
    ],
    "IsWeightArticle": false,
    "WeightconversionFactor": "0",
    "IsBio": false,
    "CountryOfOrigin": "BELGIQUE",
    "IsExclusivelySoldInLuxembourg": false,
    "OrderUnit": "P",
    "AlcoholDisclaimermsg": true,
    "ShortName": "CRISTAL ALKEN 24X25CL",
    "IsNew": false,
    "amountUnit": "kg",
    "CountryOfOriginISO": "BE",
    "EcoscoreLabel": "B",
    "ShowAlcoholLegalMsg": true,
    "LongName": "CRISTAL ALKEN pils 5.0%vol 24x25cl",
    "RecentQuanityOfStockUnits": "1,1",
    "AlcoholVolume": "5",
    "FicCode": "E",
    "DepositValue": [
      4.5
    ],
    "EcoscoreValue": "70"
  },
  {
    "technicalArticleNumber": "5006",
    "commercialArticleNumber": "5006",
    "gtin": [
      "05410228264743",
      "05410228851646",
      "05410228141235"
    ],
    "productId": "369",
    "name": "pils 5,2% bac",
    "description": "*Pils\n*5,2 % vol",
    "brand": "STELLA ARTOIS",
    "seoBrand": "Stella Artois",
    "thumbNail": "https://static.colruytgroup.com/images/200x200/std.lang.all/96/09/asset-3379609.jpg",
    "fullImage": "https://static.colruytgroup.com/images/500x500/std.lang.all/96/09/asset-3379609.jpg",
    "squareImage": "https://static.colruytgroup.com/images/500x500sq/std.lang.all/96/09/asset-3379609.jpg",
    "content": "24x25cl",
    "price": {
      "basicPrice": 15.79,
      "recommendedQuantity": "1.0",
      "measurementUnitPrice": 2.64,
      "measurementUnit": "L",
      "isRedPrice": false,
      "pricePerUOM": 2.64,
      "activationDate": "04-06-2025",
      "isPromoActive": "Y",
      "priceChangeCode": "E",
      "priceReason": "Promo"
    },
    "isPriceAvailable": true,
    "channelAvailability": [
      "3_BE_STORE",
      "8_BE_STORE",
      "8_LU_STORE",
      "8_BE_COLLECT_NEXT_DAY",
      "8_BE_HOME_DELIVERY",
      "8_BE_HOME_DELIVERY_DRIVER"
    ],
    "businessDomain": "RETAIL_BE",
    "walkRouteSequenceNumber": 4107,
    "isAvailable": true,
    "inPromo": true,
    "promotion": [
      {
        "techPromoId": "101256COLR",
        "promotionId": "101256",
        "promotionType": "3",
        "isPersonalized": "N",
        "publicationStartDate": "04-06-2025",
        "publicationEndDate": "17-06-2025",
        "topPromo": false
      }
    ],
    "topCategoryName": "Boissons",
    "topCategoryId": "354",
    "categories": [
      {
        "name": "Boissons",
        "id": "354",
        "children": [
          {
            "name": "Bi\u00e8res",
            "id": "389",
            "children": [
              {
                "name": "Pils",
                "id": "1551",
                "children": [
                  {
                    "name": "Pils en bouteille",
                    "id": "1552"
                  }
                ]
              }
            ]
          }
        ]
      }
    ],
    "IsPrivateLabel": false,
    "amount": {
      "source": "6.0",
      "parsedValue": 6
    },
    "IsBiffe": false,
    "foodPairing": [
      "Veggie",
      "Volaille",
      "P\u00e2tes & pizza",
      "Salade",
      "Poisson",
      "Ap\u00e9ritif",
      "Crustac\u00e9s",
      "Fromages doux"
    ],
    "IsWeightArticle": false,
    "WeightconversionFactor": "0",
    "IsBio": false,
    "CountryOfOrigin": "BELGIQUE",
    "IsExclusivelySoldInLuxembourg": false,
    "OrderUnit": "P",
    "AlcoholDisclaimermsg": true,
    "ShortName": "STELLA ARTOIS 25CLX24",
    "IsNew": false,
    "amountUnit": "kg",
    "CountryOfOriginISO": "BE",
    "ShowAlcoholLegalMsg": true,
    "LongName": "STELLA ARTOIS pils 5,2% bac 24x25cl",
    "RecentQuanityOfStockUnits": "1,1",
    "AlcoholVolume": "5.2",
    "FicCode": "E",
    "DepositValue": [
      4.5
    ]
  },
  {
    "technicalArticleNumber": "4800035",
    "commercialArticleNumber": "13752",
    "gtin": [
      "05410263929997"
    ],
    "productId": "1050919",
    "name": "Original 5,9%",
    "description": "*Latin spirit bi\u00e8re\n*Agave\n*L\u00e9g\u00e8rement \u00e9pic\u00e9e\n*Servir tr\u00e8s frais\n*5,9% VOL",
    "brand": "DESPERADOS",
    "seoBrand": "Desperados",
    "thumbNail": "https://static.colruytgroup.com/images/200x200/std.lang.all/17/75/asset-3461775.jpg",
    "fullImage": "https://static.colruytgroup.com/images/500x500/std.lang.all/17/75/asset-3461775.jpg",
    "squareImage": "https://static.colruytgroup.com/images/500x500sq/std.lang.all/17/75/asset-3461775.jpg",
    "content": "12x33cl",
    "price": {
      "basicPrice": 15.99,
      "recommendedQuantity": "1.0",
      "measurementUnitPrice": 4.04,
      "measurementUnit": "L",
      "isRedPrice": false,
      "pricePerUOM": 4.04,
      "activationDate": "05-06-2025",
      "recordSource": "Folder",
      "isPromoActive": "N",
      "priceChangeCode": "E",
      "priceReason": "Reaction"
    },
    "isPriceAvailable": true,
    "channelAvailability": [
      "8_BE_STORE",
      "8_BE_COLLECT_NEXT_DAY",
      "8_BE_HOME_DELIVERY",
      "8_BE_HOME_DELIVERY_DRIVER"
    ],
    "businessDomain": "RETAIL_BE",
    "walkRouteSequenceNumber": 4078,
    "isAvailable": true,
    "inPromo": false,
    "topCategoryName": "Boissons",
    "topCategoryId": "354",
    "categories": [
      {
        "name": "Boissons",
        "id": "354",
        "children": [
          {
            "name": "Bi\u00e8res",
            "id": "389",
            "children": [
              {
                "name": "Bi\u00e8re blanche, bi\u00e8re aux fruits et bi",
                "id": "395"
              }
            ]
          }
        ]
      }
    ],
    "IsPrivateLabel": false,
    "amount": 3.96,
    "IsBiffe": false,
    "foodPairing": [
      "P\u00e2tes & pizza",
      "Barbecue",
      "Ap\u00e9ritif"
    ],
    "IsWeightArticle": false,
    "WeightconversionFactor": "0",
    "IsBio": false,
    "CountryOfOrigin": "BELGIQUE",
    "IsExclusivelySoldInLuxembourg": false,
    "OrderUnit": "P",
    "AlcoholDisclaimermsg": true,
    "ShortName": "DESP ORIGINAL 12X33CL",
    "IsNew": false,
    "amountUnit": "kg",
    "CountryOfOriginISO": "BE",
    "EcoscoreLabel": "D",
    "ShowAlcoholLegalMsg": true,
    "LongName": "DESPERADOS Original 5,9% 12x33cl",
    "RecentQuanityOfStockUnits": "1",
    "AlcoholVolume": "5.9",
    "FicCode": "E",
    "DepositValue": [
      1.2
    ],
    "EcoscoreValue": "37"
  },
  {
    "technicalArticleNumber": "1012562",
    "commercialArticleNumber": "5015",
    "gtin": [
      "00000054085107",
      "05410971030152"
    ],
    "productId": "4498",
    "name": "pils 5,2%vol",
    "description": "*Pils\n*5,2 % vol",
    "brand": "PRIMUS",
    "seoBrand": "Primus",
    "thumbNail": "https://static.colruytgroup.com/images/200x200/std.lang.all/92/95/asset-2999295.jpg",
    "fullImage": "https://static.colruytgroup.com/images/500x500/std.lang.all/92/95/asset-2999295.jpg",
    "squareImage": "https://static.colruytgroup.com/images/500x500sq/std.lang.all/92/95/asset-2999295.jpg",
    "content": "24x25cl",
    "price": {
      "basicPrice": 16.56,
      "recommendedQuantity": "1.0",
      "quantityPrice": 15.9,
      "quantityPriceQuantity": "3.0",
      "measurementUnitPrice": 2.76,
      "measurementUnitQuantityPrice": 2.65,
      "measurementUnit": "L",
      "isRedPrice": false,
      "pricePerUOM": 2.76,
      "activationDate": "07-05-2025",
      "isPromoActive": "N",
      "priceChangeCode": "H",
      "quantityPricePerUOM": 2.65,
      "quantityActivationDate": "07-05-2025",
      "quantityPriceChangeCode": "E",
      "priceReason": "FALLBACK"
    },
    "isPriceAvailable": true,
    "channelAvailability": [
      "8_BE_STORE",
      "8_BE_COLLECT_NEXT_DAY",
      "8_BE_HOME_DELIVERY_DRIVER"
    ],
    "businessDomain": "RETAIL_BE",
    "walkRouteSequenceNumber": 3941,
    "isAvailable": true,
    "inPromo": false,
    "topCategoryName": "Boissons",
    "topCategoryId": "354",
    "categories": [
      {
        "name": "Boissons",
        "id": "354",
        "children": [
          {
            "name": "Bi\u00e8res",
            "id": "389",
            "children": [
              {
                "name": "Pils",
                "id": "1551",
                "children": [
                  {
                    "name": "Pils en bouteille",
                    "id": "1552"
                  }
                ]
              }
            ]
          }
        ]
      }
    ],
    "IsPrivateLabel": false,
    "amount": {
      "source": "6.0",
      "parsedValue": 6
    },
    "IsBiffe": false,
    "foodPairing": [
      "Volaille",
      "Veggie",
      "Salade",
      "Ap\u00e9ritif",
      "Poisson",
      "Fromages doux",
      "Crustac\u00e9s",
      "P\u00e2tes & pizza"
    ],
    "IsWeightArticle": false,
    "WeightconversionFactor": "0",
    "IsBio": false,
    "CountryOfOrigin": "BELGIQUE",
    "IsExclusivelySoldInLuxembourg": false,
    "OrderUnit": "P",
    "AlcoholDisclaimermsg": true,
    "ShortName": "PRIMUS PILS 24X25CL",
    "IsNew": false,
    "amountUnit": "kg",
    "CountryOfOriginISO": "BE",
    "EcoscoreLabel": "D",
    "ShowAlcoholLegalMsg": true,
    "LongName": "PRIMUS pils 5,2%vol 24x25cl",
    "RecentQuanityOfStockUnits": "1",
    "AlcoholVolume": "5.2",
    "FicCode": "E",
    "DepositValue": [
      4.5
    ],
    "EcoscoreValue": "37"
  },
  {
    "technicalArticleNumber": "1165525",
    "commercialArticleNumber": "5037",
    "gtin": [
      "05410228324737",
      "05410228164784",
      "05410228165927"
    ],
    "productId": "8174",
    "name": "Pils 5,2% bac",
    "description": "*Pils\n*5,2 % vol",
    "brand": "JUPILER",
    "seoBrand": "Jupiler",
    "thumbNail": "https://static.colruytgroup.com/images/200x200/std.lang.all/91/93/asset-2999193.jpg",
    "fullImage": "https://static.colruytgroup.com/images/500x500/std.lang.all/91/93/asset-2999193.jpg",
    "squareImage": "https://static.colruytgroup.com/images/500x500sq/std.lang.all/91/93/asset-2999193.jpg",
    "content": "24x33cl",
    "price": {
      "basicPrice": 16.61,
      "recommendedQuantity": "1.0",
      "measurementUnitPrice": 2.1,
      "measurementUnit": "L",
      "isRedPrice": false,
      "pricePerUOM": 2.1,
      "activationDate": "05-06-2025",
      "recordSource": "Folder",
      "isPromoActive": "Y",
      "priceChangeCode": "L",
      "priceReason": "Reaction"
    },
    "isPriceAvailable": true,
    "channelAvailability": [
      "3_BE_STORE",
      "8_BE_STORE",
      "8_LU_STORE",
      "8_BE_COLLECT_NEXT_DAY",
      "8_BE_HOME_DELIVERY",
      "8_BE_HOME_DELIVERY_DRIVER"
    ],
    "businessDomain": "RETAIL_BE",
    "walkRouteSequenceNumber": 3943,
    "isAvailable": true,
    "inPromo": true,
    "promotion": [
      {
        "techPromoId": "101254COLR",
        "promotionId": "101254",
        "promotionType": "3",
        "isPersonalized": "N",
        "publicationStartDate": "04-06-2025",
        "publicationEndDate": "17-06-2025",
        "topPromo": false
      }
    ],
    "topCategoryName": "Boissons",
    "topCategoryId": "354",
    "categories": [
      {
        "name": "Boissons",
        "id": "354",
        "children": [
          {
            "name": "Bi\u00e8res",
            "id": "389",
            "children": [
              {
                "name": "Pils",
                "id": "1551",
                "children": [
                  {
                    "name": "Pils en bouteille",
                    "id": "1552"
                  }
                ]
              }
            ]
          }
        ]
      }
    ],
    "IsPrivateLabel": false,
    "amount": 7.92,
    "IsBiffe": false,
    "foodPairing": [
      "Volaille",
      "Veggie",
      "Salade",
      "Ap\u00e9ritif",
      "Poisson",
      "Fromages doux",
      "Crustac\u00e9s",
      "P\u00e2tes & pizza"
    ],
    "IsWeightArticle": false,
    "WeightconversionFactor": "0",
    "IsBio": false,
    "CountryOfOrigin": "BELGIQUE",
    "IsExclusivelySoldInLuxembourg": false,
    "OrderUnit": "P",
    "AlcoholDisclaimermsg": true,
    "ShortName": "JUPI PILS 24X33CL",
    "IsNew": false,
    "amountUnit": "kg",
    "CountryOfOriginISO": "BE",
    "ShowAlcoholLegalMsg": true,
    "LongName": "JUPILER Pils 5,2% bac 24x33cl",
    "RecentQuanityOfStockUnits": "1",
    "AlcoholVolume": "5.2",
    "FicCode": "E",
    "DepositValue": [
      4.5
    ]
  },
  {
    "technicalArticleNumber": "4728418",
    "commercialArticleNumber": "31548",
    "gtin": [
      "00000075041670",
      "07501064193040"
    ],
    "productId": "873526",
    "name": "Extra 4,5%",
    "description": "*Pils\n*4,5 % vol",
    "brand": "CORONA",
    "seoBrand": "Corona Extra",
    "thumbNail": "https://static.colruytgroup.com/images/200x200/std.lang.all/44/44/asset-3244444.jpg",
    "fullImage": "https://static.colruytgroup.com/images/500x500/std.lang.all/44/44/asset-3244444.jpg",
    "squareImage": "https://static.colruytgroup.com/images/500x500sq/std.lang.all/44/44/asset-3244444.jpg",
    "content": "12x33cl",
    "price": {
      "basicPrice": 16.99,
      "recommendedQuantity": "1.0",
      "measurementUnitPrice": 4.3,
      "measurementUnit": "L",
      "isRedPrice": false,
      "pricePerUOM": 4.3,
      "activationDate": "05-06-2025",
      "recordSource": "Offline",
      "isPromoActive": "N",
      "priceChangeCode": "E",
      "priceReason": "Reaction"
    },
    "isPriceAvailable": true,
    "channelAvailability": [
      "8_BE_STORE",
      "8_LU_STORE",
      "8_BE_COLLECT_NEXT_DAY",
      "8_BE_HOME_DELIVERY",
      "8_BE_HOME_DELIVERY_DRIVER"
    ],
    "businessDomain": "RETAIL_BE",
    "walkRouteSequenceNumber": 4080,
    "isAvailable": true,
    "inPromo": false,
    "topCategoryName": "Boissons",
    "topCategoryId": "354",
    "categories": [
      {
        "name": "Boissons",
        "id": "354",
        "children": [
          {
            "name": "Bi\u00e8res",
            "id": "389",
            "children": [
              {
                "name": "Pils",
                "id": "1551",
                "children": [
                  {
                    "name": "Pils en bouteille",
                    "id": "1552"
                  }
                ]
              }
            ]
          }
        ]
      }
    ],
    "IsPrivateLabel": false,
    "amount": 3.96,
    "IsBiffe": false,
    "WeightconversionFactor": "0",
    "foodPairing": [
      "Fruits de mer",
      "Poisson",
      "P\u00e2tes & pizza",
      "Fromages doux",
      "Salade",
      "Veggie",
      "Volaille"
    ],
    "IsWeightArticle": false,
    "IsBio": false,
    "CountryOfOrigin": "MEXIQUE",
    "IsExclusivelySoldInLuxembourg": false,
    "OrderUnit": "P",
    "ShortName": "CORO EXTRA 4.5% 12X33CL",
    "AlcoholDisclaimermsg": true,
    "IsNew": false,
    "amountUnit": "kg",
    "CountryOfOriginISO": "MX",
    "ShowAlcoholLegalMsg": true,
    "LongName": "CORONA Extra 4,5% 12x33cl",
    "RecentQuanityOfStockUnits": "1",
    "AlcoholVolume": "4.5",
    "FicCode": "E"
  },
  {
    "technicalArticleNumber": "4871173",
    "commercialArticleNumber": "23933",
    "gtin": [
      "00000054017047",
      "05410263006957"
    ],
    "productId": "1252755",
    "name": "Pils 5,2% bac",
    "description": "*Bi\u00e8re blonde\n*Pils belge\n*Houblonn\u00e9e\n*Houblon Saaz\n*5,2% VOL",
    "brand": "MAES",
    "seoBrand": "Maes",
    "thumbNail": "https://static.colruytgroup.com/images/200x200/std.lang.all/07/58/asset-3790758.jpg",
    "fullImage": "https://static.colruytgroup.com/images/500x500/std.lang.all/07/58/asset-3790758.jpg",
    "squareImage": "https://static.colruytgroup.com/images/500x500sq/std.lang.all/07/58/asset-3790758.jpg",
    "content": "24x33cl",
    "price": {
      "basicPrice": 18.99,
      "recommendedQuantity": "1.0",
      "measurementUnitPrice": 2.4,
      "measurementUnit": "L",
      "isRedPrice": false,
      "pricePerUOM": 2.4,
      "activationDate": "04-06-2025",
      "recordSource": "Offline",
      "isPromoActive": "N",
      "priceChangeCode": "H",
      "priceReason": "Reaction"
    },
    "isPriceAvailable": true,
    "channelAvailability": [
      "8_BE_STORE",
      "8_BE_COLLECT_NEXT_DAY",
      "8_BE_HOME_DELIVERY",
      "8_BE_HOME_DELIVERY_DRIVER"
    ],
    "businessDomain": "RETAIL_BE",
    "walkRouteSequenceNumber": 3944,
    "isAvailable": true,
    "inPromo": false,
    "topCategoryName": "Boissons",
    "topCategoryId": "354",
    "categories": [
      {
        "name": "Boissons",
        "id": "354",
        "children": [
          {
            "name": "Bi\u00e8res",
            "id": "389",
            "children": [
              {
                "name": "Pils",
                "id": "1551",
                "children": [
                  {
                    "name": "Pils en bouteille",
                    "id": "1552"
                  }
                ]
              }
            ]
          }
        ]
      }
    ],
    "IsPrivateLabel": false,
    "amount": 7.92,
    "IsBiffe": false,
    "foodPairing": [
      "Ap\u00e9ritif",
      "Crustac\u00e9s",
      "Fromages doux",
      "Poisson",
      "P\u00e2tes & pizza",
      "Salade",
      "Veggie",
      "Volaille"
    ],
    "IsWeightArticle": false,
    "WeightconversionFactor": "0",
    "IsBio": false,
    "CountryOfOrigin": "BELGIQUE",
    "IsExclusivelySoldInLuxembourg": false,
    "OrderUnit": "P",
    "AlcoholDisclaimermsg": true,
    "ShortName": "MAES PILS 24X33CL",
    "IsNew": false,
    "amountUnit": "kg",
    "CountryOfOriginISO": "BE",
    "EcoscoreLabel": "D",
    "ShowAlcoholLegalMsg": true,
    "LongName": "MAES Pils 5,2% bac 24x33cl",
    "RecentQuanityOfStockUnits": "1,1",
    "AlcoholVolume": "5.2",
    "FicCode": "E",
    "DepositValue": [
      4.5
    ],
    "EcoscoreValue": "37"
  },
  {
    "technicalArticleNumber": "1671295",
    "commercialArticleNumber": "5100",
    "gtin": [
      "05410228321231",
      "05410228188704",
      "05410228188650"
    ],
    "productId": "19490",
    "name": "Pils 4,0%",
    "description": "*Pils\n*4,0 % vol",
    "brand": "JUPILER BLUE",
    "seoBrand": "Jupiler Blue",
    "thumbNail": "https://static.colruytgroup.com/images/200x200/std.lang.all/39/62/asset-3453962.jpg",
    "fullImage": "https://static.colruytgroup.com/images/500x500/std.lang.all/39/62/asset-3453962.jpg",
    "squareImage": "https://static.colruytgroup.com/images/500x500sq/std.lang.all/39/62/asset-3453962.jpg",
    "content": "24x25cl",
    "price": {
      "basicPrice": 19.2,
      "recommendedQuantity": "1.0",
      "measurementUnitPrice": 3.2,
      "measurementUnit": "L",
      "isRedPrice": false,
      "pricePerUOM": 3.2,
      "activationDate": "14-05-2025",
      "recordSource": "Online",
      "isPromoActive": "N",
      "priceChangeCode": "E",
      "priceReason": "Reaction"
    },
    "isPriceAvailable": true,
    "channelAvailability": [
      "8_BE_STORE",
      "8_BE_COLLECT_NEXT_DAY",
      "8_BE_HOME_DELIVERY_DRIVER"
    ],
    "businessDomain": "RETAIL_BE",
    "walkRouteSequenceNumber": 4102,
    "isAvailable": true,
    "inPromo": true,
    "promotion": [
      {
        "techPromoId": "101254COLR",
        "promotionId": "101254",
        "promotionType": "3",
        "isPersonalized": "N",
        "publicationStartDate": "04-06-2025",
        "publicationEndDate": "17-06-2025",
        "topPromo": false
      }
    ],
    "topCategoryName": "Boissons",
    "topCategoryId": "354",
    "categories": [
      {
        "name": "Boissons",
        "id": "354",
        "children": [
          {
            "name": "Bi\u00e8res",
            "id": "389",
            "children": [
              {
                "name": "Pils",
                "id": "1551",
                "children": [
                  {
                    "name": "Pils en bouteille",
                    "id": "1552"
                  }
                ]
              }
            ]
          }
        ]
      }
    ],
    "IsPrivateLabel": false,
    "amount": {
      "source": "6.0",
      "parsedValue": 6
    },
    "IsBiffe": false,
    "WeightconversionFactor": "0",
    "IsWeightArticle": false,
    "IsBio": false,
    "CountryOfOrigin": "BELGIQUE",
    "IsExclusivelySoldInLuxembourg": false,
    "OrderUnit": "P",
    "ShortName": "JUPILER BLUE 24X25CL",
    "AlcoholDisclaimermsg": true,
    "IsNew": false,
    "amountUnit": "kg",
    "CountryOfOriginISO": "BE",
    "ShowAlcoholLegalMsg": true,
    "LongName": "JUPILER BLUE Pils 4,0% 24x25cl",
    "RecentQuanityOfStockUnits": "1",
    "AlcoholVolume": "4",
    "FicCode": "E",
    "DepositValue": [
      4.5
    ]
  },
  {
    "technicalArticleNumber": "2744543",
    "commercialArticleNumber": "41364",
    "gtin": [
      "05410783000114",
      "00000054570122",
      "00000054057012"
    ],
    "productId": "62063",
    "name": "bi\u00e8re ambr\u00e9e 5,2% bac",
    "description": "*Bi\u00e8re ambr\u00e9e\n*5,2 % vol",
    "brand": "PALM",
    "seoBrand": "Palm",
    "thumbNail": "https://static.colruytgroup.com/images/200x200/std.lang.all/04/27/asset-1450427.jpg",
    "fullImage": "https://static.colruytgroup.com/images/500x500/std.lang.all/04/27/asset-1450427.jpg",
    "squareImage": "https://static.colruytgroup.com/images/500x500sq/std.lang.all/04/27/asset-1450427.jpg",
    "content": "24x25cl",
    "price": {
      "basicPrice": 19.99,
      "recommendedQuantity": "1.0",
      "quantityPrice": 19.19,
      "quantityPriceQuantity": "3.0",
      "measurementUnitPrice": 3.34,
      "measurementUnitQuantityPrice": 3.2,
      "measurementUnit": "L",
      "isRedPrice": false,
      "pricePerUOM": 3.34,
      "activationDate": "07-02-2024",
      "isPromoActive": "N",
      "priceChangeCode": "H",
      "quantityPricePerUOM": 3.2,
      "quantityActivationDate": "07-02-2024",
      "quantityPriceChangeCode": "H",
      "priceReason": "FALLBACK"
    },
    "isPriceAvailable": true,
    "channelAvailability": [
      "8_BE_STORE",
      "8_BE_COLLECT_NEXT_DAY",
      "8_BE_HOME_DELIVERY_DRIVER"
    ],
    "businessDomain": "RETAIL_BE",
    "walkRouteSequenceNumber": 3897,
    "isAvailable": true,
    "inPromo": false,
    "topCategoryName": "Boissons",
    "topCategoryId": "354",
    "categories": [
      {
        "name": "Boissons",
        "id": "354",
        "children": [
          {
            "name": "Bi\u00e8res",
            "id": "389",
            "children": [
              {
                "name": "Rouge brune, saison, gueuze, bi\u00e8re ambr",
                "id": "393"
              }
            ]
          }
        ]
      }
    ],
    "IsPrivateLabel": false,
    "amount": {
      "source": "6.0",
      "parsedValue": 6
    },
    "IsBiffe": false,
    "foodPairing": [
      "Desserts",
      "Crustac\u00e9s",
      "Barbecue",
      "Ap\u00e9ritif",
      "Volaille",
      "Fromages forts",
      "Viande blanche",
      "Veggie",
      "P\u00e2tes & pizza",
      "Poisson",
      "Viande rouge"
    ],
    "IsWeightArticle": false,
    "WeightconversionFactor": "0",
    "IsBio": false,
    "CountryOfOrigin": "BELGIQUE",
    "IsExclusivelySoldInLuxembourg": false,
    "OrderUnit": "P",
    "AlcoholDisclaimermsg": true,
    "ShortName": "PALM 24X25CL",
    "IsNew": false,
    "amountUnit": "kg",
    "CountryOfOriginISO": "BE",
    "EcoscoreLabel": "D",
    "ShowAlcoholLegalMsg": true,
    "LongName": "PALM bi\u00e8re ambr\u00e9e 5,2% bac 24x25cl",
    "RecentQuanityOfStockUnits": "1",
    "AlcoholVolume": "5.2",
    "FicCode": "I",
    "DepositValue": [
      4.5
    ],
    "EcoscoreValue": "37"
  },
  {
    "technicalArticleNumber": "4703252",
    "commercialArticleNumber": "31238",
    "gtin": [
      "05410228309055",
      "05410228309024"
    ],
    "productId": "854312",
    "name": "pils 5,2%",
    "description": "*Pils\n*5,2% vol",
    "brand": "STELLA ARTOIS",
    "seoBrand": "Stella Artois",
    "thumbNail": "https://static.colruytgroup.com/images/200x200/std.lang.all/00/32/asset-3210032.jpg",
    "fullImage": "https://static.colruytgroup.com/images/500x500/std.lang.all/00/32/asset-3210032.jpg",
    "squareImage": "https://static.colruytgroup.com/images/500x500sq/std.lang.all/00/32/asset-3210032.jpg",
    "content": "24x33cl",
    "price": {
      "basicPrice": 19.99,
      "recommendedQuantity": "1.0",
      "measurementUnitPrice": 2.53,
      "measurementUnit": "L",
      "isRedPrice": false,
      "pricePerUOM": 2.53,
      "activationDate": "04-06-2025",
      "recordSource": "Folder",
      "isPromoActive": "Y",
      "priceChangeCode": "E",
      "priceReason": "Reaction"
    },
    "isPriceAvailable": true,
    "channelAvailability": [
      "3_BE_STORE",
      "8_BE_STORE",
      "8_BE_COLLECT_NEXT_DAY",
      "8_BE_HOME_DELIVERY",
      "8_BE_HOME_DELIVERY_DRIVER"
    ],
    "businessDomain": "RETAIL_BE",
    "walkRouteSequenceNumber": 4108,
    "isAvailable": true,
    "inPromo": true,
    "promotion": [
      {
        "techPromoId": "101256COLR",
        "promotionId": "101256",
        "promotionType": "3",
        "isPersonalized": "N",
        "publicationStartDate": "04-06-2025",
        "publicationEndDate": "17-06-2025",
        "topPromo": false
      }
    ],
    "topCategoryName": "Boissons",
    "topCategoryId": "354",
    "categories": [
      {
        "name": "Boissons",
        "id": "354",
        "children": [
          {
            "name": "Bi\u00e8res",
            "id": "389",
            "children": [
              {
                "name": "Pils",
                "id": "1551",
                "children": [
                  {
                    "name": "Pils en bouteille",
                    "id": "1552"
                  }
                ]
              }
            ]
          }
        ]
      }
    ],
    "IsPrivateLabel": false,
    "amount": 7.92,
    "IsBiffe": false,
    "foodPairing": [
      "Bouch\u00e9es ap\u00e9ritives",
      "Crustac\u00e9s",
      "Fromages doux",
      "Poisson",
      "P\u00e2tes & pizza",
      "Salade",
      "Veggie",
      "Volaille"
    ],
    "IsWeightArticle": false,
    "WeightconversionFactor": "0",
    "IsBio": false,
    "CountryOfOrigin": "BELGIQUE",
    "IsExclusivelySoldInLuxembourg": false,
    "OrderUnit": "P",
    "AlcoholDisclaimermsg": true,
    "ShortName": "STEL PILS 5.2% 24X33CL",
    "IsNew": false,
    "amountUnit": "kg",
    "CountryOfOriginISO": "BE",
    "ShowAlcoholLegalMsg": true,
    "LongName": "STELLA ARTOIS pils 5,2% 24x33cl",
    "RecentQuanityOfStockUnits": "1,1",
    "AlcoholVolume": "5.2",
    "FicCode": "E",
    "DepositValue": [
      4.5
    ]
  },
  {
    "technicalArticleNumber": "1332602",
    "commercialArticleNumber": "5036",
    "gtin": [
      "05400141664874",
      "05400141050363",
      "05400141079470",
      "05400141451696"
    ],
    "productId": "12492",
    "name": "Bi\u00e8re table brune 1,5% bac",
    "description": "*Bi\u00e8re de table\n*Brune\n*1,5 % vol",
    "brand": "BONI",
    "seoBrand": "Boni Selection",
    "thumbNail": "https://static.colruytgroup.com/images/200x200/std.lang.all/23/96/asset-3272396.jpg",
    "fullImage": "https://static.colruytgroup.com/images/500x500/std.lang.all/23/96/asset-3272396.jpg",
    "squareImage": "https://static.colruytgroup.com/images/500x500sq/std.lang.all/23/96/asset-3272396.jpg",
    "content": "12x75cl",
    "price": {
      "basicPrice": 20.28,
      "recommendedQuantity": "1.0",
      "quantityPrice": 18.66,
      "quantityPriceQuantity": "3.0",
      "measurementUnitPrice": 2.26,
      "measurementUnitQuantityPrice": 2.08,
      "measurementUnit": "L",
      "isRedPrice": false,
      "pricePerUOM": 2.26,
      "activationDate": "09-01-2024",
      "recordSource": "Offline",
      "isPromoActive": "N",
      "priceChangeCode": "H",
      "quantityPricePerUOM": 2.08,
      "quantityActivationDate": "09-01-2024",
      "quantityPriceChangeCode": "H",
      "priceReason": "Reaction"
    },
    "isPriceAvailable": true,
    "channelAvailability": [
      "3_BE_STORE",
      "8_BE_STORE",
      "8_BE_COLLECT_NEXT_DAY",
      "8_BE_HOME_DELIVERY",
      "8_BE_HOME_DELIVERY_DRIVER"
    ],
    "businessDomain": "RETAIL_BE",
    "walkRouteSequenceNumber": 3908,
    "isAvailable": true,
    "inPromo": false,
    "topCategoryName": "Boissons",
    "topCategoryId": "354",
    "categories": [
      {
        "name": "Boissons",
        "id": "354",
        "children": [
          {
            "name": "Bi\u00e8res",
            "id": "389",
            "children": [
              {
                "name": "Bi\u00e8re de table",
                "id": "1857"
              }
            ]
          }
        ]
      }
    ],
    "IsPrivateLabel": true,
    "amount": {
      "source": "9.0",
      "parsedValue": 9
    },
    "IsBiffe": false,
    "foodPairing": [
      "Viande blanche",
      "Veggie",
      "P\u00e2tes & pizza",
      "Gibier",
      "Fromages doux",
      "Desserts",
      "Barbecue"
    ],
    "IsWeightArticle": false,
    "WeightconversionFactor": "0",
    "IsBio": false,
    "CountryOfOrigin": "BELGIQUE",
    "IsExclusivelySoldInLuxembourg": false,
    "OrderUnit": "P",
    "AlcoholDisclaimermsg": true,
    "ShortName": "BONI BIERE T.BRUN12X75C",
    "IsNew": false,
    "amountUnit": "kg",
    "CountryOfOriginISO": "BE",
    "EcoscoreLabel": "B",
    "ShowAlcoholLegalMsg": true,
    "LongName": "BONI Bi\u00e8re table brune 1,5% bac 12x75cl",
    "RecentQuanityOfStockUnits": "1,1",
    "AlcoholVolume": "1.5",
    "FicCode": "I",
    "DepositValue": [
      4.5
    ],
    "EcoscoreValue": "73"
  },
  {
    "technicalArticleNumber": "3573677",
    "commercialArticleNumber": "11848",
    "gtin": [
      "05410228231264",
      "05410228231325"
    ],
    "productId": "232253",
    "name": "0,0% pils bac",
    "description": "*Bi\u00e8re sans alcool\n*0 % vol",
    "brand": "JUPILER",
    "seoBrand": "Jupiler 0.0%",
    "thumbNail": "https://static.colruytgroup.com/images/200x200/std.lang.all/91/05/asset-3159105.jpg",
    "fullImage": "https://static.colruytgroup.com/images/500x500/std.lang.all/91/05/asset-3159105.jpg",
    "squareImage": "https://static.colruytgroup.com/images/500x500sq/std.lang.all/91/05/asset-3159105.jpg",
    "content": "24x25cl",
    "price": {
      "basicPrice": 20.99,
      "recommendedQuantity": "1.0",
      "measurementUnitPrice": 3.5,
      "measurementUnit": "L",
      "isRedPrice": false,
      "pricePerUOM": 3.5,
      "activationDate": "04-06-2025",
      "isPromoActive": "Y",
      "priceChangeCode": "E",
      "priceReason": "Promo"
    },
    "isPriceAvailable": true,
    "channelAvailability": [
      "8_BE_STORE",
      "8_LU_STORE",
      "8_BE_COLLECT_NEXT_DAY",
      "8_BE_HOME_DELIVERY",
      "8_BE_HOME_DELIVERY_DRIVER"
    ],
    "businessDomain": "RETAIL_BE",
    "walkRouteSequenceNumber": 4152,
    "isAvailable": true,
    "inPromo": true,
    "promotion": [
      {
        "techPromoId": "101270COLR",
        "promotionId": "101270",
        "promotionType": "3",
        "isPersonalized": "N",
        "publicationStartDate": "04-06-2025",
        "publicationEndDate": "17-06-2025",
        "topPromo": false
      }
    ],
    "topCategoryName": "Boissons",
    "topCategoryId": "354",
    "categories": [
      {
        "name": "Boissons",
        "id": "354",
        "children": [
          {
            "name": "Bi\u00e8res",
            "id": "389",
            "children": [
              {
                "name": "Bi\u00e8res sans alcool",
                "id": "398"
              }
            ]
          }
        ]
      }
    ],
    "IsPrivateLabel": false,
    "amount": {
      "source": "6.0",
      "parsedValue": 6
    },
    "IsBiffe": false,
    "foodPairing": [
      "Fromages doux",
      "Poisson",
      "Barbecue",
      "Ap\u00e9ritif",
      "Veggie",
      "Salade",
      "Crustac\u00e9s",
      "P\u00e2tes & pizza"
    ],
    "IsWeightArticle": false,
    "WeightconversionFactor": "0",
    "nutriscoreLabel": "C",
    "IsBio": false,
    "CountryOfOrigin": "BELGIQUE",
    "IsExclusivelySoldInLuxembourg": false,
    "OrderUnit": "P",
    "AlcoholDisclaimermsg": false,
    "ShortName": "JUPILER 0.0 24X25CL",
    "IsNew": false,
    "amountUnit": "kg",
    "CountryOfOriginISO": "BE",
    "ShowAlcoholLegalMsg": false,
    "LongName": "JUPILER 0,0% pils bac 24x25cl",
    "RecentQuanityOfStockUnits": "1",
    "AlcoholVolume": "0",
    "FicCode": "E",
    "DepositValue": [
      4.5
    ]
  },
  {
    "technicalArticleNumber": "1299764",
    "commercialArticleNumber": "5002",
    "gtin": [
      "05400141056327",
      "05400141079487",
      "05400141050028",
      "05400141664881"
    ],
    "productId": "12621",
    "name": "Bi\u00e8re table triple 3,4% bac",
    "description": "*Bi\u00e8re de table\n*Triple\n*3,4 % vol",
    "brand": "BONI",
    "seoBrand": "Boni Selection",
    "thumbNail": "https://static.colruytgroup.com/images/200x200/std.lang.all/23/95/asset-3272395.jpg",
    "fullImage": "https://static.colruytgroup.com/images/500x500/std.lang.all/23/95/asset-3272395.jpg",
    "squareImage": "https://static.colruytgroup.com/images/500x500sq/std.lang.all/23/95/asset-3272395.jpg",
    "content": "12x75cl",
    "price": {
      "basicPrice": {
        "source": "21.0",
        "parsedValue": 21
      },
      "recommendedQuantity": "1.0",
      "quantityPrice": 19.32,
      "quantityPriceQuantity": "3.0",
      "measurementUnitPrice": 2.34,
      "measurementUnitQuantityPrice": 2.15,
      "measurementUnit": "L",
      "isRedPrice": false,
      "pricePerUOM": 2.34,
      "activationDate": "10-02-2024",
      "isPromoActive": "N",
      "priceChangeCode": "H",
      "quantityPricePerUOM": 2.15,
      "quantityActivationDate": "10-02-2024",
      "quantityPriceChangeCode": "H",
      "priceReason": "FALLBACK"
    },
    "isPriceAvailable": true,
    "channelAvailability": [
      "8_BE_STORE",
      "8_BE_COLLECT_NEXT_DAY",
      "8_BE_HOME_DELIVERY",
      "8_BE_HOME_DELIVERY_DRIVER"
    ],
    "businessDomain": "RETAIL_BE",
    "walkRouteSequenceNumber": 3909,
    "isAvailable": true,
    "inPromo": false,
    "topCategoryName": "Boissons",
    "topCategoryId": "354",
    "categories": [
      {
        "name": "Boissons",
        "id": "354",
        "children": [
          {
            "name": "Bi\u00e8res",
            "id": "389",
            "children": [
              {
                "name": "Bi\u00e8re de table",
                "id": "1857"
              }
            ]
          }
        ]
      }
    ],
    "IsPrivateLabel": true,
    "amount": {
      "source": "9.0",
      "parsedValue": 9
    },
    "IsBiffe": false,
    "foodPairing": [
      "Fromages doux",
      "Crustac\u00e9s",
      "Veggie",
      "Volaille",
      "Poisson",
      "P\u00e2tes & pizza",
      "Salade",
      "Ap\u00e9ritif"
    ],
    "IsWeightArticle": false,
    "WeightconversionFactor": "0",
    "IsBio": false,
    "CountryOfOrigin": "BELGIQUE",
    "IsExclusivelySoldInLuxembourg": false,
    "OrderUnit": "P",
    "AlcoholDisclaimermsg": true,
    "ShortName": "BONI BIERE T.TRIPL12X75",
    "IsNew": false,
    "amountUnit": "kg",
    "CountryOfOriginISO": "BE",
    "EcoscoreLabel": "B",
    "ShowAlcoholLegalMsg": true,
    "LongName": "BONI Bi\u00e8re table triple 3,4% bac 12x75cl",
    "RecentQuanityOfStockUnits": "1",
    "AlcoholVolume": "3.4",
    "FicCode": "I",
    "DepositValue": [
      4.5
    ],
    "EcoscoreValue": "73"
  },
  {
    "technicalArticleNumber": "5082",
    "commercialArticleNumber": "5082",
    "gtin": [
      "05400141050820",
      "05410228134374",
      "05410228141884"
    ],
    "productId": "417",
    "name": "bi\u00e8re blanche 4,9%bac",
    "description": "*Bi\u00e8re blanche\n*4,9 % vol\n*Referment. en bout.",
    "brand": "HOEGAARDEN",
    "seoBrand": "Hoegaarden",
    "thumbNail": "https://static.colruytgroup.com/images/200x200/std.lang.all/56/37/asset-1755637.jpg",
    "fullImage": "https://static.colruytgroup.com/images/500x500/std.lang.all/56/37/asset-1755637.jpg",
    "squareImage": "https://static.colruytgroup.com/images/500x500sq/std.lang.all/56/37/asset-1755637.jpg",
    "content": "24x25cl",
    "price": {
      "basicPrice": 24.43,
      "recommendedQuantity": "1.0",
      "measurementUnitPrice": 4.08,
      "measurementUnit": "L",
      "isRedPrice": false,
      "pricePerUOM": 4.08,
      "activationDate": "28-05-2025",
      "isPromoActive": "N",
      "priceChangeCode": "L",
      "priceReason": "FALLBACK"
    },
    "isPriceAvailable": true,
    "channelAvailability": [
      "8_BE_STORE",
      "8_BE_COLLECT_NEXT_DAY",
      "8_BE_HOME_DELIVERY",
      "8_BE_HOME_DELIVERY_DRIVER"
    ],
    "businessDomain": "RETAIL_BE",
    "walkRouteSequenceNumber": 3907,
    "isAvailable": true,
    "inPromo": false,
    "topCategoryName": "Boissons",
    "topCategoryId": "354",
    "categories": [
      {
        "name": "Boissons",
        "id": "354",
        "children": [
          {
            "name": "Bi\u00e8res",
            "id": "389",
            "children": [
              {
                "name": "Bi\u00e8re blanche, bi\u00e8re aux fruits et bi",
                "id": "395"
              }
            ]
          }
        ]
      }
    ],
    "IsPrivateLabel": false,
    "amount": {
      "source": "6.0",
      "parsedValue": 6
    },
    "IsBiffe": false,
    "foodPairing": [
      "Salade",
      "Poisson",
      "Fromages doux",
      "Crustac\u00e9s",
      "Barbecue",
      "Ap\u00e9ritif"
    ],
    "IsWeightArticle": false,
    "WeightconversionFactor": "0",
    "IsBio": false,
    "CountryOfOrigin": "BELGIQUE",
    "IsExclusivelySoldInLuxembourg": false,
    "OrderUnit": "P",
    "AlcoholDisclaimermsg": true,
    "ShortName": "HOEGAERD.BLANC 24X 25CL",
    "IsNew": false,
    "amountUnit": "kg",
    "CountryOfOriginISO": "BE",
    "ShowAlcoholLegalMsg": true,
    "LongName": "HOEGAARDEN bi\u00e8re blanche 4,9%bac 24x25cl",
    "RecentQuanityOfStockUnits": "1",
    "AlcoholVolume": "4.9",
    "FicCode": "I",
    "DepositValue": [
      4.5
    ]
  },
  {
    "technicalArticleNumber": "5097",
    "commercialArticleNumber": "5097",
    "gtin": [
      "00000054125001"
    ],
    "productId": "424",
    "name": "bi\u00e8re 5,2%vol",
    "description": "*Bi\u00e8re rouge brun de\nFlandre\n*5,2 % vol\n*Fermentation mixte",
    "brand": "RODENBACH",
    "seoBrand": "Rodenbach",
    "thumbNail": "https://static.colruytgroup.com/images/200x200/std.lang.all/10/17/asset-1771017.jpg",
    "fullImage": "https://static.colruytgroup.com/images/500x500/std.lang.all/10/17/asset-1771017.jpg",
    "squareImage": "https://static.colruytgroup.com/images/500x500sq/std.lang.all/10/17/asset-1771017.jpg",
    "content": "24x25cl",
    "price": {
      "basicPrice": 24.49,
      "recommendedQuantity": "1.0",
      "measurementUnitPrice": 4.09,
      "measurementUnit": "L",
      "isRedPrice": false,
      "pricePerUOM": 4.09,
      "activationDate": "28-03-2025",
      "isPromoActive": "N",
      "priceChangeCode": "E",
      "priceReason": "Market"
    },
    "isPriceAvailable": true,
    "channelAvailability": [
      "8_BE_STORE",
      "8_BE_COLLECT_NEXT_DAY",
      "8_BE_HOME_DELIVERY_DRIVER"
    ],
    "businessDomain": "RETAIL_BE",
    "walkRouteSequenceNumber": 3895,
    "isAvailable": true,
    "inPromo": false,
    "topCategoryName": "Boissons",
    "topCategoryId": "354",
    "categories": [
      {
        "name": "Boissons",
        "id": "354",
        "children": [
          {
            "name": "Bi\u00e8res",
            "id": "389",
            "children": [
              {
                "name": "Rouge brune, saison, gueuze, bi\u00e8re ambr",
                "id": "393"
              }
            ]
          }
        ]
      }
    ],
    "IsPrivateLabel": false,
    "amount": {
      "source": "6.0",
      "parsedValue": 6
    },
    "IsBiffe": false,
    "foodPairing": [
      "Veggie",
      "Gibier",
      "Desserts",
      "Crustac\u00e9s",
      "Barbecue",
      "Ap\u00e9ritif"
    ],
    "IsWeightArticle": false,
    "WeightconversionFactor": "0",
    "IsBio": false,
    "CountryOfOrigin": "BELGIQUE",
    "IsExclusivelySoldInLuxembourg": false,
    "OrderUnit": "P",
    "AlcoholDisclaimermsg": true,
    "ShortName": "RE RODENBACH 25CLX24",
    "IsNew": false,
    "amountUnit": "kg",
    "CountryOfOriginISO": "BE",
    "EcoscoreLabel": "D",
    "ShowAlcoholLegalMsg": true,
    "LongName": "RODENBACH bi\u00e8re 5,2%vol 24x25cl",
    "RecentQuanityOfStockUnits": "1",
    "AlcoholVolume": "5.2",
    "FicCode": "E",
    "DepositValue": [
      4.5
    ],
    "EcoscoreValue": "37"
  },
  {
    "technicalArticleNumber": "4843176",
    "commercialArticleNumber": "15026",
    "gtin": [
      "04101010011508"
    ],
    "productId": "1218617",
    "name": "0,0% pils",
    "brand": "CARLSBERG",
    "seoBrand": "Carlsberg",
    "thumbNail": "https://static.colruytgroup.com/images/200x200/std.lang.all/52/63/asset-3615263.jpg",
    "fullImage": "https://static.colruytgroup.com/images/500x500/std.lang.all/52/63/asset-3615263.jpg",
    "squareImage": "https://static.colruytgroup.com/images/500x500sq/std.lang.all/52/63/asset-3615263.jpg",
    "content": "24x25cl",
    "price": {
      "basicPrice": 25.99,
      "recommendedQuantity": "1.0",
      "quantityPrice": 24.95,
      "quantityPriceQuantity": "3.0",
      "measurementUnitPrice": 43.32,
      "measurementUnitQuantityPrice": 41.59,
      "measurementUnit": "L",
      "isRedPrice": false,
      "pricePerUOM": 43.32,
      "activationDate": "30-10-2024",
      "isPromoActive": "N",
      "priceChangeCode": "E",
      "quantityPricePerUOM": 41.59,
      "quantityActivationDate": "30-10-2024",
      "quantityPriceChangeCode": "E",
      "priceReason": "FALLBACK"
    },
    "isPriceAvailable": true,
    "channelAvailability": [
      "8_BE_STORE",
      "8_BE_COLLECT_NEXT_DAY",
      "8_BE_HOME_DELIVERY_DRIVER"
    ],
    "businessDomain": "RETAIL_BE",
    "walkRouteSequenceNumber": 4147,
    "isAvailable": true,
    "inPromo": false,
    "topCategoryName": "Boissons",
    "topCategoryId": "354",
    "categories": [
      {
        "name": "Boissons",
        "id": "354",
        "children": [
          {
            "name": "Bi\u00e8res",
            "id": "389",
            "children": [
              {
                "name": "Bi\u00e8res sans alcool",
                "id": "398"
              }
            ]
          }
        ]
      }
    ],
    "IsPrivateLabel": false,
    "amount": {
      "source": "6.0",
      "parsedValue": 6
    },
    "IsBiffe": false,
    "foodPairing": [
      "Ap\u00e9ritif",
      "Veggie",
      "Salade",
      "P\u00e2tes & pizza",
      "Poisson",
      "Fromages doux",
      "Crustac\u00e9s",
      "Barbecue"
    ],
    "IsWeightArticle": false,
    "WeightconversionFactor": "0",
    "nutriscoreLabel": "B",
    "IsBio": false,
    "CountryOfOrigin": "FRANCE",
    "IsExclusivelySoldInLuxembourg": false,
    "OrderUnit": "P",
    "AlcoholDisclaimermsg": false,
    "ShortName": "CARL 0.0% 24X25CL",
    "IsNew": false,
    "amountUnit": "kg",
    "CountryOfOriginISO": "FR",
    "EcoscoreLabel": "C",
    "ShowAlcoholLegalMsg": false,
    "LongName": "CARLSBERG 0,0% pils 24x25cl",
    "RecentQuanityOfStockUnits": "1",
    "AlcoholVolume": "0",
    "FicCode": "E",
    "DepositValue": [
      4.5
    ],
    "EcoscoreValue": "54"
  },
  {
    "technicalArticleNumber": "5058",
    "commercialArticleNumber": "5058",
    "gtin": [
      "03080216054605",
      "05740600200541"
    ],
    "productId": "412",
    "name": "pils 5%",
    "description": "*Pils\n*5 % vol",
    "brand": "CARLSBERG",
    "seoBrand": "Carlsberg",
    "thumbNail": "https://static.colruytgroup.com/images/200x200/std.lang.all/89/57/asset-2728957.jpg",
    "fullImage": "https://static.colruytgroup.com/images/500x500/std.lang.all/89/57/asset-2728957.jpg",
    "squareImage": "https://static.colruytgroup.com/images/500x500sq/std.lang.all/89/57/asset-2728957.jpg",
    "content": "24x25cl",
    "price": {
      "basicPrice": 27.06,
      "recommendedQuantity": "1.0",
      "measurementUnitPrice": 4.51,
      "measurementUnit": "L",
      "isRedPrice": false,
      "pricePerUOM": 4.51,
      "activationDate": "17-01-2025",
      "isPromoActive": "N",
      "priceChangeCode": "H",
      "priceReason": "FALLBACK"
    },
    "isPriceAvailable": true,
    "channelAvailability": [
      "8_BE_STORE",
      "8_BE_COLLECT_NEXT_DAY",
      "8_BE_HOME_DELIVERY_DRIVER"
    ],
    "businessDomain": "RETAIL_BE",
    "walkRouteSequenceNumber": 3942,
    "isAvailable": true,
    "inPromo": false,
    "topCategoryName": "Boissons",
    "topCategoryId": "354",
    "categories": [
      {
        "name": "Boissons",
        "id": "354",
        "children": [
          {
            "name": "Bi\u00e8res",
            "id": "389",
            "children": [
              {
                "name": "Pils",
                "id": "1551",
                "children": [
                  {
                    "name": "Pils en bouteille",
                    "id": "1552"
                  }
                ]
              }
            ]
          }
        ]
      }
    ],
    "foodPairing": [
      "Salade",
      "P\u00e2tes & pizza",
      "Poisson",
      "Fromages doux",
      "Crustac\u00e9s",
      "Barbecue",
      "Ap\u00e9ritif"
    ],
    "CountryOfOrigin": "FRANCE",
    "IsExclusivelySoldInLuxembourg": false,
    "OrderUnit": "P",
    "AlcoholDisclaimermsg": true,
    "InSeason": true,
    "ShortName": "CARL PILS 5% 24X25CL",
    "IsNew": false,
    "ShowAlcoholLegalMsg": true,
    "RecentQuanityOfStockUnits": "1",
    "FicCode": "E",
    "IsPrivateLabel": false,
    "amount": {
      "source": "6.0",
      "parsedValue": 6
    },
    "IsBiffe": false,
    "IsWeightArticle": false,
    "WeightconversionFactor": "0",
    "IsBio": false,
    "amountUnit": "kg",
    "CountryOfOriginISO": "FR",
    "EcoscoreLabel": "C",
    "LongName": "CARLSBERG pils 5% 24x25cl",
    "AlcoholVolume": "5",
    "StartSeasonDate": "16/01/2008",
    "DepositValue": [
      4.5
    ],
    "EcoscoreValue": "54"
  },
  {
    "technicalArticleNumber": "5049",
    "commercialArticleNumber": "5049",
    "gtin": [
      "05410228141150",
      "05410228858652"
    ],
    "productId": "378",
    "name": "bi\u00e8re tab. bl.1,5%vol",
    "description": "*Bi\u00e8re de table\n*1,5 % vol",
    "brand": "PIEDBOEUF",
    "seoBrand": "Piedboeuf",
    "thumbNail": "https://static.colruytgroup.com/images/200x200/std.lang.all/50/93/asset-1075093.jpg",
    "fullImage": "https://static.colruytgroup.com/images/500x500/std.lang.all/50/93/asset-1075093.jpg",
    "squareImage": "https://static.colruytgroup.com/images/500x500sq/std.lang.all/50/93/asset-1075093.jpg",
    "content": "12x75cl",
    "price": {
      "basicPrice": 27.12,
      "recommendedQuantity": "1.0",
      "measurementUnitPrice": 3.02,
      "measurementUnit": "L",
      "isRedPrice": false,
      "pricePerUOM": 3.02,
      "activationDate": "04-04-2025",
      "recordSource": "Online",
      "isPromoActive": "N",
      "priceChangeCode": "H",
      "priceReason": "Reaction"
    },
    "isPriceAvailable": true,
    "channelAvailability": [
      "8_BE_STORE",
      "8_BE_COLLECT_NEXT_DAY",
      "8_BE_HOME_DELIVERY",
      "8_BE_HOME_DELIVERY_DRIVER"
    ],
    "businessDomain": "RETAIL_BE",
    "walkRouteSequenceNumber": 3940,
    "isAvailable": true,
    "inPromo": false,
    "topCategoryName": "Boissons",
    "topCategoryId": "354",
    "categories": [
      {
        "name": "Boissons",
        "id": "354",
        "children": [
          {
            "name": "Bi\u00e8res",
            "id": "389",
            "children": [
              {
                "name": "Bi\u00e8re de table",
                "id": "1857"
              }
            ]
          }
        ]
      }
    ],
    "IsPrivateLabel": false,
    "amount": {
      "source": "9.0",
      "parsedValue": 9
    },
    "IsBiffe": false,
    "foodPairing": [
      "Barbecue",
      "Crustac\u00e9s",
      "Desserts",
      "Fromages doux",
      "Poisson",
      "P\u00e2tes & pizza",
      "Salade",
      "Veggie",
      "Volaille",
      "Viande blanche"
    ],
    "IsWeightArticle": false,
    "WeightconversionFactor": "0",
    "IsBio": false,
    "CountryOfOrigin": "BELGIQUE",
    "IsExclusivelySoldInLuxembourg": false,
    "OrderUnit": "P",
    "AlcoholDisclaimermsg": true,
    "InSeason": true,
    "ShortName": "PIEDB BLONDE 12X75CL",
    "IsNew": false,
    "amountUnit": "kg",
    "CountryOfOriginISO": "BE",
    "ShowAlcoholLegalMsg": true,
    "LongName": "PIEDBOEUF bi\u00e8re tab. bl.1,5%vol 12x75cl",
    "RecentQuanityOfStockUnits": "1",
    "AlcoholVolume": "1.1",
    "StartSeasonDate": "26/09/2003",
    "FicCode": "E",
    "DepositValue": [
      4.5
    ]
  },
  {
    "technicalArticleNumber": "1469707",
    "commercialArticleNumber": "5078",
    "gtin": [
      "05411223030081"
    ],
    "productId": "16541",
    "name": "bi\u00e8re kriek 3,5% bac",
    "description": "*Bi\u00e8re fruit\u00e9e\n*3,5 % vol\n*Go\u00fbt: cerise",
    "brand": "LINDEMANS",
    "seoBrand": "Lindemans",
    "thumbNail": "https://static.colruytgroup.com/images/200x200/std.lang.all/89/46/asset-858946.jpg",
    "fullImage": "https://static.colruytgroup.com/images/500x500/std.lang.all/89/46/asset-858946.jpg",
    "squareImage": "https://static.colruytgroup.com/images/500x500sq/std.lang.all/89/46/asset-858946.jpg",
    "content": "24x25cl",
    "price": {
      "basicPrice": 28.49,
      "recommendedQuantity": "1.0",
      "measurementUnitPrice": 4.75,
      "measurementUnit": "L",
      "isRedPrice": false,
      "pricePerUOM": 4.75,
      "activationDate": "28-03-2025",
      "isPromoActive": "N",
      "priceChangeCode": "H",
      "priceReason": "Market"
    },
    "isPriceAvailable": true,
    "channelAvailability": [
      "8_BE_STORE",
      "8_BE_COLLECT_NEXT_DAY",
      "8_BE_HOME_DELIVERY",
      "8_BE_HOME_DELIVERY_DRIVER"
    ],
    "businessDomain": "RETAIL_BE",
    "walkRouteSequenceNumber": 3903,
    "isAvailable": true,
    "inPromo": false,
    "topCategoryName": "Boissons",
    "topCategoryId": "354",
    "categories": [
      {
        "name": "Boissons",
        "id": "354",
        "children": [
          {
            "name": "Bi\u00e8res",
            "id": "389",
            "children": [
              {
                "name": "Bi\u00e8re blanche, bi\u00e8re aux fruits et bi",
                "id": "395"
              }
            ]
          }
        ]
      }
    ],
    "IsPrivateLabel": false,
    "amount": {
      "source": "6.0",
      "parsedValue": 6
    },
    "IsBiffe": false,
    "foodPairing": [
      "Volaille",
      "Salade",
      "Ap\u00e9ritif",
      "Gibier",
      "Desserts",
      "Poisson"
    ],
    "IsWeightArticle": false,
    "WeightconversionFactor": "0",
    "IsBio": false,
    "CountryOfOrigin": "BELGIQUE",
    "IsExclusivelySoldInLuxembourg": false,
    "OrderUnit": "P",
    "AlcoholDisclaimermsg": true,
    "ShortName": "RE LINDEMANS KRIEK24X25",
    "IsNew": false,
    "amountUnit": "kg",
    "CountryOfOriginISO": "BE",
    "EcoscoreLabel": "D",
    "ShowAlcoholLegalMsg": true,
    "LongName": "LINDEMANS bi\u00e8re kriek 3,5% bac 24x25cl",
    "RecentQuanityOfStockUnits": "1",
    "AlcoholVolume": "3.5",
    "FicCode": "I",
    "DepositValue": [
      4.5
    ],
    "EcoscoreValue": "37"
  },
  {
    "technicalArticleNumber": "5077",
    "commercialArticleNumber": "5077",
    "gtin": [
      "05410228142218",
      "05410228208358",
      "05410228853299"
    ],
    "productId": "416",
    "name": "bi\u00e8re abb.blonde 6,6% bac",
    "description": "*Bi\u00e8re d'abbaye\n*6,6 % vol",
    "brand": "LEFFE",
    "seoBrand": "Leffe",
    "thumbNail": "https://static.colruytgroup.com/images/200x200/std.lang.all/59/78/asset-3225978.jpg",
    "fullImage": "https://static.colruytgroup.com/images/500x500/std.lang.all/59/78/asset-3225978.jpg",
    "squareImage": "https://static.colruytgroup.com/images/500x500sq/std.lang.all/59/78/asset-3225978.jpg",
    "content": "24x33cl",
    "price": {
      "basicPrice": 29.65,
      "recommendedQuantity": "1.0",
      "measurementUnitPrice": 3.75,
      "measurementUnit": "L",
      "isRedPrice": false,
      "pricePerUOM": 3.75,
      "activationDate": "21-05-2025",
      "isPromoActive": "Y",
      "priceChangeCode": "E",
      "priceReason": "Promo"
    },
    "isPriceAvailable": true,
    "channelAvailability": [
      "8_BE_STORE",
      "8_LU_STORE",
      "8_BE_COLLECT_NEXT_DAY",
      "8_BE_HOME_DELIVERY",
      "8_BE_HOME_DELIVERY_DRIVER"
    ],
    "businessDomain": "RETAIL_BE",
    "walkRouteSequenceNumber": 3846,
    "isAvailable": true,
    "inPromo": true,
    "promotion": [
      {
        "techPromoId": "101254COLR",
        "promotionId": "101254",
        "promotionType": "3",
        "isPersonalized": "N",
        "publicationStartDate": "04-06-2025",
        "publicationEndDate": "17-06-2025",
        "topPromo": false
      }
    ],
    "topCategoryName": "Boissons",
    "topCategoryId": "354",
    "categories": [
      {
        "name": "Boissons",
        "id": "354",
        "children": [
          {
            "name": "Bi\u00e8res",
            "id": "389",
            "children": [
              {
                "name": "Bi\u00e8re d'Abbaye, Trappiste blonde & amb",
                "id": "391"
              }
            ]
          }
        ]
      }
    ],
    "IsPrivateLabel": false,
    "amount": 7.92,
    "IsBiffe": false,
    "foodPairing": [
      "Volaille",
      "Viande rouge",
      "Viande blanche",
      "Veggie",
      "Poisson",
      "Gibier",
      "Fromages forts",
      "Desserts",
      "Crustac\u00e9s"
    ],
    "IsWeightArticle": false,
    "WeightconversionFactor": "0",
    "IsBio": false,
    "CountryOfOrigin": "BELGIQUE",
    "IsExclusivelySoldInLuxembourg": false,
    "OrderUnit": "P",
    "AlcoholDisclaimermsg": true,
    "ShortName": "LEFFE BLOND 24X33CL",
    "IsNew": false,
    "amountUnit": "kg",
    "CountryOfOriginISO": "BE",
    "ShowAlcoholLegalMsg": true,
    "LongName": "LEFFE bi\u00e8re abb.blonde 6,6% bac 24x33cl",
    "RecentQuanityOfStockUnits": "1,1",
    "AlcoholVolume": "6.6",
    "FicCode": "I",
    "DepositValue": [
      4.5
    ]
  },
  {
    "technicalArticleNumber": "5085",
    "commercialArticleNumber": "5085",
    "gtin": [
      "05410228142164",
      "05410228146162",
      "05410228208396",
      "05410228852841"
    ],
    "productId": "420",
    "name": "bi\u00e8re abb.brune 6,5% bac",
    "description": "*Bi\u00e8re d'abbaye\n*6,5 % vol",
    "brand": "LEFFE",
    "seoBrand": "Leffe",
    "thumbNail": "https://static.colruytgroup.com/images/200x200/std.lang.all/07/76/asset-3220776.jpg",
    "fullImage": "https://static.colruytgroup.com/images/500x500/std.lang.all/07/76/asset-3220776.jpg",
    "squareImage": "https://static.colruytgroup.com/images/500x500sq/std.lang.all/07/76/asset-3220776.jpg",
    "content": "24x33cl",
    "price": {
      "basicPrice": 29.65,
      "recommendedQuantity": "1.0",
      "measurementUnitPrice": 3.75,
      "measurementUnit": "L",
      "isRedPrice": false,
      "pricePerUOM": 3.75,
      "activationDate": "04-06-2025",
      "recordSource": "Offline",
      "isPromoActive": "N",
      "priceChangeCode": "E",
      "priceReason": "Reaction"
    },
    "isPriceAvailable": true,
    "channelAvailability": [
      "8_BE_STORE",
      "8_LU_STORE",
      "8_BE_COLLECT_NEXT_DAY",
      "8_BE_HOME_DELIVERY",
      "8_BE_HOME_DELIVERY_DRIVER"
    ],
    "businessDomain": "RETAIL_BE",
    "walkRouteSequenceNumber": 3804,
    "isAvailable": true,
    "inPromo": true,
    "promotion": [
      {
        "techPromoId": "101254COLR",
        "promotionId": "101254",
        "promotionType": "3",
        "isPersonalized": "N",
        "publicationStartDate": "04-06-2025",
        "publicationEndDate": "17-06-2025",
        "topPromo": false
      }
    ],
    "topCategoryName": "Boissons",
    "topCategoryId": "354",
    "categories": [
      {
        "name": "Boissons",
        "id": "354",
        "children": [
          {
            "name": "Bi\u00e8res",
            "id": "389",
            "children": [
              {
                "name": "Bi\u00e8re d'Abbaye et Trappiste brune",
                "id": "1851"
              }
            ]
          }
        ]
      }
    ],
    "IsPrivateLabel": false,
    "amount": 7.92,
    "IsBiffe": false,
    "foodPairing": [
      "Viande rouge",
      "Viande blanche",
      "Veggie",
      "Gibier",
      "Fromages forts",
      "Desserts"
    ],
    "IsWeightArticle": false,
    "WeightconversionFactor": "0",
    "IsBio": false,
    "CountryOfOrigin": "BELGIQUE",
    "IsExclusivelySoldInLuxembourg": false,
    "OrderUnit": "P",
    "AlcoholDisclaimermsg": true,
    "ShortName": "LEFFE BRUN 33CLX24",
    "IsNew": false,
    "amountUnit": "kg",
    "CountryOfOriginISO": "BE",
    "ShowAlcoholLegalMsg": true,
    "LongName": "LEFFE bi\u00e8re abb.brune 6,5% bac 24x33cl",
    "RecentQuanityOfStockUnits": "1,1",
    "AlcoholVolume": "6.5",
    "FicCode": "I",
    "DepositValue": [
      4.5
    ]
  },
  {
    "technicalArticleNumber": "5071",
    "commercialArticleNumber": "5071",
    "gtin": [
      "05412343152790",
      "05412343152332"
    ],
    "productId": "414",
    "name": "trappiste doub.7,0%vol",
    "description": "*Bi\u00e8re trappiste\n*7 % vol\n*Referment. en bout.",
    "brand": "WESTMALLE",
    "seoBrand": "Westmalle",
    "thumbNail": "https://static.colruytgroup.com/images/200x200/std.lang.all/32/11/asset-2483211.jpg",
    "fullImage": "https://static.colruytgroup.com/images/500x500/std.lang.all/32/11/asset-2483211.jpg",
    "squareImage": "https://static.colruytgroup.com/images/500x500sq/std.lang.all/32/11/asset-2483211.jpg",
    "content": "24x33cl",
    "price": {
      "basicPrice": 33.53,
      "recommendedQuantity": "1.0",
      "measurementUnitPrice": 4.24,
      "measurementUnit": "L",
      "isRedPrice": false,
      "pricePerUOM": 4.24,
      "activationDate": "30-04-2025",
      "isPromoActive": "N",
      "priceChangeCode": "H",
      "priceReason": "FALLBACK"
    },
    "isPriceAvailable": true,
    "channelAvailability": [
      "8_BE_STORE",
      "8_BE_COLLECT_NEXT_DAY",
      "8_BE_HOME_DELIVERY_DRIVER"
    ],
    "businessDomain": "RETAIL_BE",
    "walkRouteSequenceNumber": 3801,
    "isAvailable": true,
    "inPromo": false,
    "topCategoryName": "Boissons",
    "topCategoryId": "354",
    "categories": [
      {
        "name": "Boissons",
        "id": "354",
        "children": [
          {
            "name": "Bi\u00e8res",
            "id": "389",
            "children": [
              {
                "name": "Bi\u00e8re d'Abbaye et Trappiste brune",
                "id": "1851"
              }
            ]
          }
        ]
      }
    ],
    "IsPrivateLabel": false,
    "amount": 7.92,
    "IsBiffe": false,
    "foodPairing": [
      "Fromages forts",
      "Desserts",
      "Viande rouge",
      "Viande blanche",
      "Veggie",
      "Gibier"
    ],
    "IsWeightArticle": false,
    "WeightconversionFactor": "0",
    "IsBio": false,
    "CountryOfOrigin": "BELGIQUE",
    "IsExclusivelySoldInLuxembourg": false,
    "OrderUnit": "P",
    "AlcoholDisclaimermsg": true,
    "ShortName": "WESTM.DOUBLE 24X33CL",
    "IsNew": false,
    "amountUnit": "kg",
    "CountryOfOriginISO": "BE",
    "EcoscoreLabel": "D",
    "ShowAlcoholLegalMsg": true,
    "LongName": "WESTMALLE trappiste doub.7,0%vol 24x33cl",
    "RecentQuanityOfStockUnits": "1",
    "AlcoholVolume": "7",
    "FicCode": "E",
    "DepositValue": [
      4.5
    ],
    "EcoscoreValue": "37"
  },
  {
    "technicalArticleNumber": "4885320",
    "commercialArticleNumber": "24147",
    "gtin": [
      "05410769803142"
    ],
    "productId": "1262769",
    "name": "Blonde 8% mini-f\u00fbt",
    "description": "*Bi\u00e8re blonde forte\n*8,0% vol",
    "brand": "LA CHOUFFE",
    "seoBrand": "La Chouffe",
    "thumbNail": "https://ecgproductmw.colruytgroup.com/ecgproductmw/noPicForArticle_2.jpg",
    "fullImage": "https://ecgproductmw.colruytgroup.com/ecgproductmw/noPicForArticle_5.jpg",
    "squareImage": "https://ecgproductmw.colruytgroup.com/ecgproductmw/noPicForArticle_5.jpg",
    "content": "5L",
    "price": {
      "basicPrice": 34.99,
      "recommendedQuantity": "1.0",
      "measurementUnitPrice": {
        "source": "7.0",
        "parsedValue": 7
      },
      "measurementUnit": "L",
      "isRedPrice": false,
      "pricePerUOM": {
        "source": "7.0",
        "parsedValue": 7
      },
      "activationDate": "21-05-2025",
      "isPromoActive": "N",
      "priceChangeCode": "E",
      "priceReason": "FALLBACK"
    },
    "isPriceAvailable": true,
    "channelAvailability": [
      "8_BE_STORE",
      "8_LU_STORE",
      "8_BE_COLLECT_NEXT_DAY",
      "8_BE_HOME_DELIVERY_DRIVER"
    ],
    "businessDomain": "RETAIL_BE",
    "walkRouteSequenceNumber": 1493,
    "isAvailable": true,
    "inPromo": false,
    "topCategoryName": "Boissons",
    "topCategoryId": "354",
    "categories": [
      {
        "name": "Boissons",
        "id": "354",
        "children": [
          {
            "name": "Bi\u00e8res",
            "id": "389",
            "children": [
              {
                "name": "Blonde, blonde forte et triple b",
                "id": "394"
              }
            ]
          }
        ]
      }
    ],
    "IsPrivateLabel": false,
    "amount": {
      "source": "5.0",
      "parsedValue": 5
    },
    "IsBiffe": false,
    "foodPairing": [
      "Volaille",
      "Viande rouge",
      "Viande blanche",
      "Poisson",
      "Gibier",
      "Desserts",
      "Crustac\u00e9s",
      "Fromages forts"
    ],
    "IsWeightArticle": false,
    "WeightconversionFactor": "0",
    "IsBio": false,
    "CountryOfOrigin": "BELGIQUE",
    "IsExclusivelySoldInLuxembourg": false,
    "OrderUnit": "P",
    "AlcoholDisclaimermsg": true,
    "ShortName": "BBQ LACH 8% MINI FUT 5L",
    "IsNew": false,
    "amountUnit": "kg",
    "CountryOfOriginISO": "BE",
    "servings": {
      "source": "20.0",
      "parsedValue": 20
    },
    "EcoscoreLabel": "D",
    "ShowAlcoholLegalMsg": true,
    "LongName": "LA CHOUFFE Blonde 8% mini-f\u00fbt 5L",
    "RecentQuanityOfStockUnits": "1",
    "AlcoholVolume": "8",
    "FicCode": "E",
    "EcoscoreValue": "37"
  },
  {
    "technicalArticleNumber": "5099",
    "commercialArticleNumber": "5099",
    "gtin": [
      "05411681014005",
      "05411681014012",
      "05411681014838",
      "25411681014832"
    ],
    "productId": "425",
    "name": "Blonde 8,5% bac",
    "description": "*Bi\u00e8re blonde forte\n*8,5 % vol\n*Referment. en bout.",
    "brand": "DUVEL",
    "seoBrand": "Duvel",
    "thumbNail": "https://static.colruytgroup.com/images/200x200/std.lang.all/24/36/asset-1462436.jpg",
    "fullImage": "https://static.colruytgroup.com/images/500x500/std.lang.all/24/36/asset-1462436.jpg",
    "squareImage": "https://static.colruytgroup.com/images/500x500sq/std.lang.all/24/36/asset-1462436.jpg",
    "content": "24x33cl",
    "price": {
      "basicPrice": 35.49,
      "recommendedQuantity": "1.0",
      "measurementUnitPrice": 4.49,
      "measurementUnit": "L",
      "isRedPrice": false,
      "pricePerUOM": 4.49,
      "activationDate": "28-04-2025",
      "recordSource": "Offline",
      "isPromoActive": "N",
      "priceChangeCode": "E",
      "priceReason": "Reaction"
    },
    "isPriceAvailable": true,
    "channelAvailability": [
      "3_BE_STORE",
      "8_BE_STORE",
      "8_BE_COLLECT_NEXT_DAY",
      "8_BE_HOME_DELIVERY",
      "8_BE_HOME_DELIVERY_DRIVER"
    ],
    "businessDomain": "RETAIL_BE",
    "walkRouteSequenceNumber": 3874,
    "isAvailable": true,
    "inPromo": false,
    "topCategoryName": "Boissons",
    "topCategoryId": "354",
    "categories": [
      {
        "name": "Boissons",
        "id": "354",
        "children": [
          {
            "name": "Bi\u00e8res",
            "id": "389",
            "children": [
              {
                "name": "Blonde, blonde forte et triple b",
                "id": "394"
              }
            ]
          }
        ]
      }
    ],
    "IsPrivateLabel": false,
    "amount": 7.92,
    "IsBiffe": false,
    "foodPairing": [
      "Volaille",
      "Viande rouge",
      "Viande blanche",
      "Poisson",
      "Gibier",
      "Fromages forts",
      "Desserts",
      "Crustac\u00e9s"
    ],
    "IsWeightArticle": false,
    "WeightconversionFactor": "0",
    "IsBio": false,
    "CountryOfOrigin": "BELGIQUE",
    "IsExclusivelySoldInLuxembourg": false,
    "OrderUnit": "P",
    "AlcoholDisclaimermsg": true,
    "ShortName": "DUVEL 33 CL X 24",
    "IsNew": false,
    "amountUnit": "kg",
    "CountryOfOriginISO": "BE",
    "EcoscoreLabel": "B",
    "ShowAlcoholLegalMsg": true,
    "LongName": "DUVEL Blonde 8,5% bac 24x33cl",
    "RecentQuanityOfStockUnits": "1",
    "AlcoholVolume": "8.5",
    "FicCode": "I",
    "DepositValue": [
      4.5
    ],
    "EcoscoreValue": "71"
  },
  {
    "technicalArticleNumber": "5072",
    "commercialArticleNumber": "5072",
    "gtin": [
      "05412343201337",
      "05412343201795"
    ],
    "productId": "415",
    "name": "trappiste trip.9,5%vol",
    "description": "*Bi\u00e8re trappiste\n*9,5 % vol\n*Referment. en bout.",
    "brand": "WESTMALLE",
    "seoBrand": "Westmalle",
    "thumbNail": "https://static.colruytgroup.com/images/200x200/std.lang.all/33/59/asset-2483359.jpg",
    "fullImage": "https://static.colruytgroup.com/images/500x500/std.lang.all/33/59/asset-2483359.jpg",
    "squareImage": "https://static.colruytgroup.com/images/500x500sq/std.lang.all/33/59/asset-2483359.jpg",
    "content": "24x33cl",
    "price": {
      "basicPrice": 35.69,
      "recommendedQuantity": "1.0",
      "measurementUnitPrice": 4.51,
      "measurementUnit": "L",
      "isRedPrice": false,
      "pricePerUOM": 4.51,
      "activationDate": "30-05-2025",
      "recordSource": "Offline",
      "isPromoActive": "N",
      "priceChangeCode": "L",
      "priceReason": "Reaction"
    },
    "isPriceAvailable": true,
    "channelAvailability": [
      "8_BE_STORE",
      "8_BE_COLLECT_NEXT_DAY",
      "8_BE_HOME_DELIVERY",
      "8_BE_HOME_DELIVERY_DRIVER"
    ],
    "businessDomain": "RETAIL_BE",
    "walkRouteSequenceNumber": 3802,
    "isAvailable": true,
    "inPromo": false,
    "topCategoryName": "Boissons",
    "topCategoryId": "354",
    "categories": [
      {
        "name": "Boissons",
        "id": "354",
        "children": [
          {
            "name": "Bi\u00e8res",
            "id": "389",
            "children": [
              {
                "name": "Bi\u00e8re d'Abbaye, Trappiste blonde & amb",
                "id": "391"
              }
            ]
          }
        ]
      }
    ],
    "IsPrivateLabel": false,
    "amount": 7.92,
    "IsBiffe": false,
    "foodPairing": [
      "Volaille",
      "Viande rouge",
      "Viande blanche",
      "Veggie",
      "Poisson",
      "Gibier",
      "Fromages forts",
      "Desserts",
      "Crustac\u00e9s"
    ],
    "IsWeightArticle": false,
    "WeightconversionFactor": "0",
    "IsBio": false,
    "CountryOfOrigin": "BELGIQUE",
    "IsExclusivelySoldInLuxembourg": false,
    "OrderUnit": "P",
    "AlcoholDisclaimermsg": true,
    "ShortName": "WESTMAL TRIPEL 24X33CL",
    "IsNew": false,
    "amountUnit": "kg",
    "CountryOfOriginISO": "BE",
    "EcoscoreLabel": "D",
    "ShowAlcoholLegalMsg": true,
    "LongName": "WESTMALLE trappiste trip.9,5%vol 24x33cl",
    "RecentQuanityOfStockUnits": "1",
    "AlcoholVolume": "9.5",
    "FicCode": "E",
    "DepositValue": [
      4.5
    ],
    "EcoscoreValue": "37"
  },
  {
    "technicalArticleNumber": "4019368",
    "commercialArticleNumber": "5050",
    "gtin": [
      "05410693100645",
      "00000054050082"
    ],
    "productId": "464350",
    "description": "*3 c\u00e9r\u00e9ales\n*8,4 % vol",
    "brand": "TRIPEL KARMELIET",
    "seoBrand": "Tripel Karmeliet",
    "thumbNail": "https://static.colruytgroup.com/images/200x200/std.lang.all/90/23/asset-3389023.jpg",
    "fullImage": "https://static.colruytgroup.com/images/500x500/std.lang.all/90/23/asset-3389023.jpg",
    "squareImage": "https://static.colruytgroup.com/images/500x500sq/std.lang.all/90/23/asset-3389023.jpg",
    "content": "24x33cl",
    "price": {
      "basicPrice": 37.39,
      "recommendedQuantity": "1.0",
      "measurementUnitPrice": 4.73,
      "measurementUnit": "L",
      "isRedPrice": false,
      "pricePerUOM": 4.73,
      "activationDate": "23-05-2025",
      "recordSource": "Offline",
      "isPromoActive": "N",
      "priceChangeCode": "E",
      "priceReason": "Reaction"
    },
    "isPriceAvailable": true,
    "channelAvailability": [
      "8_BE_STORE",
      "8_LU_STORE",
      "8_BE_COLLECT_NEXT_DAY",
      "8_BE_HOME_DELIVERY_DRIVER"
    ],
    "businessDomain": "RETAIL_BE",
    "walkRouteSequenceNumber": 3893,
    "isAvailable": true,
    "inPromo": false,
    "topCategoryName": "Boissons",
    "topCategoryId": "354",
    "categories": [
      {
        "name": "Boissons",
        "id": "354",
        "children": [
          {
            "name": "Bi\u00e8res",
            "id": "389",
            "children": [
              {
                "name": "Blonde, blonde forte et triple b",
                "id": "394"
              }
            ]
          }
        ]
      }
    ],
    "IsPrivateLabel": false,
    "amount": 7.92,
    "IsBiffe": false,
    "foodPairing": [
      "Viande blanche",
      "Poisson",
      "Viande rouge",
      "Volaille",
      "Crustac\u00e9s",
      "Desserts",
      "Fromages forts",
      "Gibier"
    ],
    "IsWeightArticle": false,
    "WeightconversionFactor": "0",
    "IsBio": false,
    "CountryOfOrigin": "BELGIQUE",
    "IsExclusivelySoldInLuxembourg": false,
    "OrderUnit": "P",
    "AlcoholDisclaimermsg": true,
    "ShortName": "KARM TRIPLE BAC 24X33CL",
    "IsNew": false,
    "amountUnit": "kg",
    "CountryOfOriginISO": "BE",
    "ShowAlcoholLegalMsg": true,
    "LongName": "TRIPEL KARMELIET 24x33cl",
    "RecentQuanityOfStockUnits": "1",
    "AlcoholVolume": "8.4",
    "FicCode": "E",
    "DepositValue": [
      4.5
    ]
  },
  {
    "technicalArticleNumber": "2857921",
    "commercialArticleNumber": "17641",
    "gtin": [
      "05411858000145"
    ],
    "productId": "97342",
    "name": "bi\u00e8re blonde 8,0%vol",
    "description": "*Bi\u00e8re blonde forte\n*8 % vol\n*Referment. en bout.",
    "brand": "OMER",
    "seoBrand": "Omer",
    "thumbNail": "https://static.colruytgroup.com/images/200x200/std.lang.all/71/17/asset-367117.jpg",
    "fullImage": "https://static.colruytgroup.com/images/500x500/std.lang.all/71/17/asset-367117.jpg",
    "squareImage": "https://static.colruytgroup.com/images/500x500sq/std.lang.all/71/17/asset-367117.jpg",
    "content": "24x33cl",
    "price": {
      "basicPrice": 40.77,
      "recommendedQuantity": "1.0",
      "measurementUnitPrice": 5.15,
      "measurementUnit": "L",
      "isRedPrice": false,
      "pricePerUOM": 5.15,
      "activationDate": "16-05-2025",
      "isPromoActive": "N",
      "priceChangeCode": "L",
      "priceReason": "FALLBACK"
    },
    "isPriceAvailable": true,
    "channelAvailability": [
      "8_BE_STORE",
      "8_BE_COLLECT_NEXT_DAY",
      "8_BE_HOME_DELIVERY",
      "8_BE_HOME_DELIVERY_DRIVER"
    ],
    "businessDomain": "RETAIL_BE",
    "walkRouteSequenceNumber": 3894,
    "isAvailable": true,
    "inPromo": false,
    "topCategoryName": "Boissons",
    "topCategoryId": "354",
    "categories": [
      {
        "name": "Boissons",
        "id": "354",
        "children": [
          {
            "name": "Bi\u00e8res",
            "id": "389",
            "children": [
              {
                "name": "Blonde, blonde forte et triple b",
                "id": "394"
              }
            ]
          }
        ]
      }
    ],
    "foodPairing": [
      "Volaille",
      "Viande rouge",
      "Viande blanche",
      "Poisson",
      "Barbecue",
      "Fromages forts",
      "Desserts",
      "Crustac\u00e9s",
      "Gibier"
    ],
    "CountryOfOrigin": "BELGIQUE",
    "IsExclusivelySoldInLuxembourg": false,
    "OrderUnit": "P",
    "AlcoholDisclaimermsg": true,
    "InSeason": true,
    "ShortName": "RE OMER 24X33CL",
    "IsNew": false,
    "ShowAlcoholLegalMsg": true,
    "RecentQuanityOfStockUnits": "1",
    "FicCode": "I",
    "IsPrivateLabel": false,
    "amount": 7.92,
    "IsBiffe": false,
    "IsWeightArticle": false,
    "WeightconversionFactor": "0",
    "IsBio": false,
    "amountUnit": "kg",
    "CountryOfOriginISO": "BE",
    "EcoscoreLabel": "D",
    "LongName": "OMER bi\u00e8re blonde 8,0%vol 24x33cl",
    "AlcoholVolume": "8",
    "StartSeasonDate": "11/04/2025",
    "DepositValue": [
      4.5
    ],
    "EcoscoreValue": "37"
  },
  {
    "technicalArticleNumber": "4821767",
    "commercialArticleNumber": "37874",
    "gtin": [
      "05410769100289"
    ],
    "productId": "1139312",
    "name": "Blonde 8%",
    "description": "*Bi\u00e8re blonde forte\n*8 % vol",
    "brand": "CHOUFFE",
    "seoBrand": "La Chouffe",
    "thumbNail": "https://ecgproductmw.colruytgroup.com/ecgproductmw/noPicForArticle_2.jpg",
    "fullImage": "https://ecgproductmw.colruytgroup.com/ecgproductmw/noPicForArticle_5.jpg",
    "squareImage": "https://ecgproductmw.colruytgroup.com/ecgproductmw/noPicForArticle_5.jpg",
    "content": "24x33cl",
    "price": {
      "basicPrice": 41.71,
      "recommendedQuantity": "1.0",
      "measurementUnitPrice": 5.27,
      "measurementUnit": "L",
      "isRedPrice": false,
      "pricePerUOM": 5.27,
      "activationDate": "18-03-2025",
      "isPromoActive": "N",
      "priceChangeCode": "L",
      "priceReason": "FALLBACK"
    },
    "isPriceAvailable": true,
    "channelAvailability": [
      "8_BE_STORE",
      "8_LU_STORE",
      "8_BE_COLLECT_NEXT_DAY",
      "8_BE_HOME_DELIVERY_DRIVER"
    ],
    "businessDomain": "RETAIL_BE",
    "walkRouteSequenceNumber": 3889,
    "isAvailable": true,
    "inPromo": false,
    "topCategoryName": "Boissons",
    "topCategoryId": "354",
    "categories": [
      {
        "name": "Boissons",
        "id": "354",
        "children": [
          {
            "name": "Bi\u00e8res",
            "id": "389",
            "children": [
              {
                "name": "Blonde, blonde forte et triple b",
                "id": "394"
              }
            ]
          }
        ]
      }
    ],
    "IsPrivateLabel": false,
    "amount": 7.92,
    "IsBiffe": false,
    "foodPairing": [
      "Volaille",
      "Viande rouge",
      "Viande blanche",
      "Veggie",
      "Salade",
      "Ap\u00e9ritif",
      "Poisson",
      "Fromages doux",
      "Crustac\u00e9s",
      "Barbecue",
      "P\u00e2tes & pizza"
    ],
    "IsWeightArticle": false,
    "WeightconversionFactor": "0",
    "IsBio": false,
    "CountryOfOrigin": "BELGIQUE",
    "IsExclusivelySoldInLuxembourg": false,
    "OrderUnit": "P",
    "AlcoholDisclaimermsg": true,
    "ShortName": "CHOU BLONDE 8% 24X33CL",
    "IsNew": false,
    "amountUnit": "kg",
    "CountryOfOriginISO": "BE",
    "EcoscoreLabel": "D",
    "ShowAlcoholLegalMsg": true,
    "LongName": "CHOUFFE Blonde 8% 24x33cl",
    "RecentQuanityOfStockUnits": "1",
    "AlcoholVolume": "8",
    "FicCode": "I",
    "DepositValue": [
      4.5
    ],
    "EcoscoreValue": "37"
  },
  {
    "technicalArticleNumber": "5094",
    "commercialArticleNumber": "5094",
    "gtin": [
      "05410908000036"
    ],
    "productId": "423",
    "name": "trappiste bleue 9,0%vol",
    "description": "*Bi\u00e8re trappiste\n*9 % vol",
    "brand": "CHIMAY",
    "seoBrand": "Chimay",
    "thumbNail": "https://static.colruytgroup.com/images/200x200/std.lang.all/66/02/asset-366602.jpg",
    "fullImage": "https://static.colruytgroup.com/images/500x500/std.lang.all/66/02/asset-366602.jpg",
    "squareImage": "https://static.colruytgroup.com/images/500x500sq/std.lang.all/66/02/asset-366602.jpg",
    "content": "24x33cl",
    "price": {
      "basicPrice": 44.99,
      "recommendedQuantity": "1.0",
      "measurementUnitPrice": 5.69,
      "measurementUnit": "L",
      "isRedPrice": false,
      "pricePerUOM": 5.69,
      "activationDate": "12-04-2025",
      "isPromoActive": "N",
      "priceChangeCode": "E",
      "priceReason": "Market"
    },
    "isPriceAvailable": true,
    "channelAvailability": [
      "8_BE_STORE",
      "8_BE_COLLECT_NEXT_DAY",
      "8_BE_HOME_DELIVERY_DRIVER"
    ],
    "businessDomain": "RETAIL_BE",
    "walkRouteSequenceNumber": 3873,
    "isAvailable": true,
    "inPromo": false,
    "topCategoryName": "Boissons",
    "topCategoryId": "354",
    "categories": [
      {
        "name": "Boissons",
        "id": "354",
        "children": [
          {
            "name": "Bi\u00e8res",
            "id": "389",
            "children": [
              {
                "name": "Bi\u00e8re d'Abbaye et Trappiste brune",
                "id": "1851"
              }
            ]
          }
        ]
      }
    ],
    "IsPrivateLabel": false,
    "amount": 7.92,
    "IsBiffe": false,
    "foodPairing": [
      "Viande rouge",
      "Viande blanche",
      "Veggie",
      "Gibier",
      "Fromages forts",
      "Desserts"
    ],
    "IsWeightArticle": false,
    "WeightconversionFactor": "0",
    "IsBio": false,
    "CountryOfOrigin": "BELGIQUE",
    "IsExclusivelySoldInLuxembourg": false,
    "OrderUnit": "P",
    "AlcoholDisclaimermsg": true,
    "ShortName": "RE CHIMAY 9DEG BL 24X33",
    "IsNew": false,
    "amountUnit": "kg",
    "CountryOfOriginISO": "BE",
    "EcoscoreLabel": "D",
    "ShowAlcoholLegalMsg": true,
    "LongName": "CHIMAY trappiste bleue 9,0%vol 24x33cl",
    "RecentQuanityOfStockUnits": "1",
    "AlcoholVolume": "9",
    "FicCode": "E",
    "DepositValue": [
      4.5
    ],
    "EcoscoreValue": "37"
  },
  {
    "technicalArticleNumber": "1350951",
    "commercialArticleNumber": "5126",
    "gtin": [
      "05400141025934",
      "05400141079760",
      "05400141080377",
      "05400141296617",
      "15400141151265",
      "15400141296614",
      "25400141296611",
      "05400141051261"
    ],
    "productId": "10092",
    "name": "tonic",
    "description": "*P\u00e9tillant\n*Contient du sucre\n*Quinine",
    "brand": "BONI",
    "seoBrand": "Boni Selection",
    "thumbNail": "https://static.colruytgroup.com/images/200x200/std.lang.all/41/65/asset-2064165.jpg",
    "fullImage": "https://static.colruytgroup.com/images/500x500/std.lang.all/41/65/asset-2064165.jpg",
    "squareImage": "https://static.colruytgroup.com/images/500x500sq/std.lang.all/41/65/asset-2064165.jpg",
    "content": "50cl",
    "price": {
      "basicPrice": 0.361,
      "recommendedQuantity": "6.0",
      "measurementUnitPrice": 0.73,
      "measurementUnit": "L",
      "isRedPrice": false,
      "pricePerUOM": 0.73,
      "activationDate": "17-05-2025",
      "recordSource": "Offline",
      "isPromoActive": "N",
      "priceChangeCode": "H",
      "priceReason": "Reaction"
    },
    "isPriceAvailable": true,
    "channelAvailability": [
      "8_BE_STORE",
      "8_LU_STORE",
      "8_BE_COLLECT_NEXT_DAY",
      "8_BE_HOME_DELIVERY",
      "8_BE_HOME_DELIVERY_DRIVER"
    ],
    "businessDomain": "RETAIL_BE",
    "walkRouteSequenceNumber": 4485,
    "isAvailable": true,
    "inPromo": false,
    "topCategoryName": "Boissons",
    "topCategoryId": "354",
    "categories": [
      {
        "name": "Boissons",
        "id": "354",
        "children": [
          {
            "name": "Boissons rafra\u00eechissantes",
            "id": "372",
            "children": [
              {
                "name": "Tonic",
                "id": "376"
              }
            ]
          }
        ]
      },
      {
        "name": "Boissons",
        "id": "354",
        "children": [
          {
            "name": "Alcools/Spiritueux",
            "id": "412",
            "children": [
              {
                "name": "Tonic",
                "id": "376"
              }
            ]
          }
        ]
      }
    ],
    "IsPrivateLabel": true,
    "amount": 0.5,
    "IsBiffe": false,
    "WeightconversionFactor": "0",
    "IsWeightArticle": false,
    "nutriscoreLabel": "E",
    "IsBio": false,
    "CountryOfOrigin": "FRANCE",
    "IsExclusivelySoldInLuxembourg": false,
    "OrderUnit": "P",
    "ShortName": "BONI TONIC 50CL",
    "IsNew": false,
    "amountUnit": "kg",
    "CountryOfOriginISO": "FR",
    "ShowAlcoholLegalMsg": false,
    "LongName": "BONI tonic 50cl",
    "RecentQuanityOfStockUnits": "6,24,1",
    "AlcoholVolume": "0",
    "FicCode": "I"
  },
  {
    "technicalArticleNumber": "3734468",
    "commercialArticleNumber": "41008",
    "gtin": [
      "05400141105650",
      "15400141296607",
      "05400141296600",
      "25400141035289",
      "25400141296604",
      "05400141035285"
    ],
    "productId": "340447",
    "name": "tonic zero",
    "description": "*P\u00e9tillant\n*Quinine\n*Avec \u00e9dulcorant",
    "brand": "BONI",
    "seoBrand": "Boni Selection",
    "thumbNail": "https://static.colruytgroup.com/images/200x200/std.lang.all/00/39/asset-2330039.jpg",
    "fullImage": "https://static.colruytgroup.com/images/500x500/std.lang.all/00/39/asset-2330039.jpg",
    "squareImage": "https://static.colruytgroup.com/images/500x500sq/std.lang.all/00/39/asset-2330039.jpg",
    "content": "50cl",
    "price": {
      "basicPrice": 0.47,
      "recommendedQuantity": "6.0",
      "quantityPrice": 0.45,
      "quantityPriceQuantity": "48.0",
      "measurementUnitPrice": 0.94,
      "measurementUnitQuantityPrice": 0.9,
      "measurementUnit": "L",
      "isRedPrice": false,
      "pricePerUOM": 0.94,
      "activationDate": "17-11-2023",
      "isPromoActive": "N",
      "priceChangeCode": "H",
      "quantityPricePerUOM": 0.9,
      "quantityActivationDate": "17-11-2023",
      "quantityPriceChangeCode": "E",
      "priceReason": "FALLBACK"
    },
    "isPriceAvailable": true,
    "channelAvailability": [
      "3_BE_STORE",
      "8_BE_STORE",
      "8_LU_STORE",
      "8_BE_COLLECT_NEXT_DAY",
      "8_BE_HOME_DELIVERY",
      "8_BE_HOME_DELIVERY_DRIVER"
    ],
    "businessDomain": "RETAIL_BE",
    "walkRouteSequenceNumber": 4486,
    "isAvailable": true,
    "inPromo": false,
    "topCategoryName": "Boissons",
    "topCategoryId": "354",
    "categories": [
      {
        "name": "Boissons",
        "id": "354",
        "children": [
          {
            "name": "Boissons rafra\u00eechissantes",
            "id": "372",
            "children": [
              {
                "name": "Tonic",
                "id": "376"
              }
            ]
          }
        ]
      },
      {
        "name": "Boissons",
        "id": "354",
        "children": [
          {
            "name": "Alcools/Spiritueux",
            "id": "412",
            "children": [
              {
                "name": "Tonic",
                "id": "376"
              }
            ]
          }
        ]
      }
    ],
    "IsPrivateLabel": true,
    "amount": 0.5,
    "IsBiffe": false,
    "WeightconversionFactor": "0",
    "IsWeightArticle": false,
    "nutriscoreLabel": "C",
    "IsBio": false,
    "CountryOfOrigin": "FRANCE",
    "IsExclusivelySoldInLuxembourg": false,
    "OrderUnit": "P",
    "ShortName": "BONI TONIC ZERO 50CL",
    "IsNew": false,
    "amountUnit": "kg",
    "CountryOfOriginISO": "FR",
    "ShowAlcoholLegalMsg": false,
    "LongName": "BONI tonic zero 50cl",
    "RecentQuanityOfStockUnits": "1,6,24",
    "AlcoholVolume": "0",
    "FicCode": "I"
  },
  {
    "technicalArticleNumber": "4097624",
    "commercialArticleNumber": "8363",
    "gtin": [
      "03124480186850",
      "05410221205538",
      "05410221107320",
      "05410221105487",
      "03124480186928"
    ],
    "productId": "516403",
    "name": "Indian tonic",
    "description": "*P\u00e9tillant\n*Quinine",
    "brand": "SCHWEPPES",
    "seoBrand": "Schweppes",
    "thumbNail": "https://static.colruytgroup.com/images/200x200/std.lang.all/00/99/asset-3270099.jpg",
    "fullImage": "https://static.colruytgroup.com/images/500x500/std.lang.all/00/99/asset-3270099.jpg",
    "squareImage": "https://static.colruytgroup.com/images/500x500sq/std.lang.all/00/99/asset-3270099.jpg",
    "content": "33cl",
    "price": {
      "basicPrice": 0.58,
      "recommendedQuantity": "8.0",
      "measurementUnitPrice": 1.76,
      "measurementUnit": "L",
      "isRedPrice": false,
      "pricePerUOM": 1.76,
      "activationDate": "04-06-2025",
      "recordSource": "Offline",
      "isPromoActive": "N",
      "priceChangeCode": "L",
      "priceReason": "Reaction"
    },
    "isPriceAvailable": true,
    "channelAvailability": [
      "3_BE_STORE",
      "8_BE_STORE",
      "8_LU_STORE",
      "8_BE_COLLECT_NEXT_DAY",
      "8_BE_HOME_DELIVERY",
      "8_BE_HOME_DELIVERY_DRIVER"
    ],
    "businessDomain": "RETAIL_BE",
    "walkRouteSequenceNumber": 4506,
    "isAvailable": true,
    "inPromo": false,
    "topCategoryName": "Boissons",
    "topCategoryId": "354",
    "categories": [
      {
        "name": "Boissons",
        "id": "354",
        "children": [
          {
            "name": "Boissons rafra\u00eechissantes",
            "id": "372",
            "children": [
              {
                "name": "Tonic",
                "id": "376"
              }
            ]
          }
        ]
      },
      {
        "name": "Boissons",
        "id": "354",
        "children": [
          {
            "name": "Alcools/Spiritueux",
            "id": "412",
            "children": [
              {
                "name": "Tonic",
                "id": "376"
              }
            ]
          }
        ]
      }
    ],
    "IsPrivateLabel": false,
    "amount": 0.33,
    "IsBiffe": false,
    "WeightconversionFactor": "0",
    "IsWeightArticle": false,
    "nutriscoreLabel": "C",
    "IsBio": false,
    "CountryOfOrigin": "FRANCE",
    "IsExclusivelySoldInLuxembourg": false,
    "OrderUnit": "P",
    "ShortName": "SCHW INDIAN TONIC 33CL",
    "IsNew": false,
    "amountUnit": "kg",
    "CountryOfOriginISO": "FR",
    "LongName": "SCHWEPPES Indian tonic 33cl",
    "RecentQuanityOfStockUnits": "24,24,1,6,8",
    "FicCode": "E"
  },
  {
    "technicalArticleNumber": "4097667",
    "commercialArticleNumber": "8365",
    "gtin": [
      "03124480199713",
      "03124488159092",
      "03124480159113",
      "03124480159090"
    ],
    "productId": "516446",
    "name": "Indian tonic",
    "description": "*P\u00e9tillant\n*Quinine\n*Tonic neutre",
    "brand": "SCHWEPPES",
    "seoBrand": "Schweppes",
    "thumbNail": "https://static.colruytgroup.com/images/200x200/std.lang.all/29/29/asset-3232929.jpg",
    "fullImage": "https://static.colruytgroup.com/images/500x500/std.lang.all/29/29/asset-3232929.jpg",
    "squareImage": "https://static.colruytgroup.com/images/500x500sq/std.lang.all/29/29/asset-3232929.jpg",
    "content": "15cl",
    "price": {
      "basicPrice": 0.622,
      "recommendedQuantity": "8.0",
      "measurementUnitPrice": 4.15,
      "measurementUnit": "L",
      "isRedPrice": false,
      "pricePerUOM": 4.15,
      "activationDate": "27-05-2025",
      "recordSource": "Folder",
      "isPromoActive": "N",
      "priceChangeCode": "L",
      "priceReason": "Reaction"
    },
    "isPriceAvailable": true,
    "channelAvailability": [
      "3_BE_STORE",
      "8_BE_STORE",
      "8_LU_STORE",
      "8_BE_COLLECT_NEXT_DAY",
      "8_BE_HOME_DELIVERY",
      "8_BE_HOME_DELIVERY_DRIVER"
    ],
    "businessDomain": "RETAIL_BE",
    "walkRouteSequenceNumber": 749,
    "isAvailable": true,
    "inPromo": false,
    "topCategoryName": "Boissons",
    "topCategoryId": "354",
    "categories": [
      {
        "name": "Boissons",
        "id": "354",
        "children": [
          {
            "name": "Boissons rafra\u00eechissantes",
            "id": "372",
            "children": [
              {
                "name": "Tonic",
                "id": "376"
              }
            ]
          }
        ]
      },
      {
        "name": "Boissons",
        "id": "354",
        "children": [
          {
            "name": "Alcools/Spiritueux",
            "id": "412",
            "children": [
              {
                "name": "Tonic",
                "id": "376"
              }
            ]
          }
        ]
      }
    ],
    "IsPrivateLabel": false,
    "amount": 0.152,
    "IsBiffe": false,
    "WeightconversionFactor": "0",
    "IsWeightArticle": false,
    "nutriscoreLabel": "D",
    "IsBio": false,
    "CountryOfOrigin": "FRANCE",
    "IsExclusivelySoldInLuxembourg": false,
    "OrderUnit": "P",
    "ShortName": "SCHW INDIAN TONIC 15CL",
    "IsNew": false,
    "amountUnit": "kg",
    "CountryOfOriginISO": "FR",
    "LongName": "SCHWEPPES Indian tonic 15cl",
    "RecentQuanityOfStockUnits": "8,1,12",
    "FicCode": "E"
  },
  {
    "technicalArticleNumber": "3117377",
    "commercialArticleNumber": "44053",
    "gtin": [
      "03124488186913",
      "03124480186904",
      "05410221205903",
      "05410221107696",
      "05410221305146",
      "05410221205248",
      "05410221105500",
      "05410221105517",
      "05410221205231"
    ],
    "productId": "109314",
    "name": "Zero Indian tonic",
    "description": "*P\u00e9tillant\n*Avec \u00e9dulcorants\n*Quinine",
    "brand": "SCHWEPPES",
    "seoBrand": "Schweppes Zero",
    "thumbNail": "https://static.colruytgroup.com/images/200x200/std.lang.all/00/97/asset-3270097.jpg",
    "fullImage": "https://static.colruytgroup.com/images/500x500/std.lang.all/00/97/asset-3270097.jpg",
    "squareImage": "https://static.colruytgroup.com/images/500x500sq/std.lang.all/00/97/asset-3270097.jpg",
    "content": "33cl",
    "price": {
      "basicPrice": 0.797,
      "recommendedQuantity": "8.0",
      "measurementUnitPrice": 2.42,
      "measurementUnit": "L",
      "isRedPrice": false,
      "pricePerUOM": 2.42,
      "activationDate": "19-05-2025",
      "recordSource": "Offline",
      "isPromoActive": "N",
      "priceChangeCode": "E",
      "priceReason": "Reaction"
    },
    "isPriceAvailable": true,
    "channelAvailability": [
      "3_BE_STORE",
      "8_BE_STORE",
      "8_LU_STORE",
      "8_BE_COLLECT_NEXT_DAY",
      "8_BE_HOME_DELIVERY",
      "8_BE_HOME_DELIVERY_DRIVER"
    ],
    "businessDomain": "RETAIL_BE",
    "walkRouteSequenceNumber": 4505,
    "isAvailable": true,
    "inPromo": false,
    "topCategoryName": "Boissons",
    "topCategoryId": "354",
    "categories": [
      {
        "name": "Boissons",
        "id": "354",
        "children": [
          {
            "name": "Boissons rafra\u00eechissantes",
            "id": "372",
            "children": [
              {
                "name": "Tonic",
                "id": "376"
              }
            ]
          }
        ]
      },
      {
        "name": "Boissons",
        "id": "354",
        "children": [
          {
            "name": "Alcools/Spiritueux",
            "id": "412",
            "children": [
              {
                "name": "Tonic",
                "id": "376"
              }
            ]
          }
        ]
      }
    ],
    "IsPrivateLabel": false,
    "amount": 0.33,
    "IsBiffe": false,
    "WeightconversionFactor": "0",
    "IsWeightArticle": false,
    "nutriscoreLabel": "C",
    "IsBio": false,
    "CountryOfOrigin": "FRANCE",
    "IsExclusivelySoldInLuxembourg": false,
    "OrderUnit": "P",
    "ShortName": "SCHWEPPES TONIC ZERO 33",
    "IsNew": false,
    "amountUnit": "kg",
    "CountryOfOriginISO": "FR",
    "ShowAlcoholLegalMsg": false,
    "LongName": "SCHWEPPES Zero Indian tonic 33cl",
    "RecentQuanityOfStockUnits": "6,8,1,24",
    "AlcoholVolume": "0",
    "FicCode": "E"
  },
  {
    "technicalArticleNumber": "4286095",
    "commercialArticleNumber": "20777",
    "gtin": [
      "05410221107498",
      "05410221205729",
      "05410221307447",
      "05410221308581",
      "05410221205842",
      "05410221107528"
    ],
    "productId": "612258",
    "name": "Pink",
    "description": "*Limonade p\u00e9tillante\n*Avec sucre et\n\u00e9dulcorants\n*Quinine",
    "brand": "SCHWEPPES",
    "seoBrand": "Schweppes",
    "thumbNail": "https://static.colruytgroup.com/images/200x200/std.lang.all/28/61/asset-3222861.jpg",
    "fullImage": "https://static.colruytgroup.com/images/500x500/std.lang.all/28/61/asset-3222861.jpg",
    "squareImage": "https://static.colruytgroup.com/images/500x500sq/std.lang.all/28/61/asset-3222861.jpg",
    "content": "33cl",
    "price": {
      "basicPrice": 1.08,
      "recommendedQuantity": "6.0",
      "measurementUnitPrice": 3.28,
      "measurementUnit": "L",
      "isRedPrice": false,
      "pricePerUOM": 3.28,
      "activationDate": "04-06-2025",
      "recordSource": "Offline",
      "isPromoActive": "N",
      "priceChangeCode": "E",
      "priceReason": "Reaction"
    },
    "isPriceAvailable": true,
    "channelAvailability": [
      "3_BE_STORE",
      "8_BE_STORE",
      "8_LU_STORE",
      "8_BE_COLLECT_NEXT_DAY",
      "8_BE_HOME_DELIVERY",
      "8_BE_HOME_DELIVERY_DRIVER"
    ],
    "businessDomain": "RETAIL_BE",
    "walkRouteSequenceNumber": 4493,
    "isAvailable": true,
    "inPromo": true,
    "promotion": [
      {
        "techPromoId": "101208COLR",
        "promotionId": "101208",
        "promotionType": "3",
        "isPersonalized": "N",
        "publicationStartDate": "04-06-2025",
        "publicationEndDate": "17-06-2025",
        "topPromo": false
      }
    ],
    "topCategoryName": "Boissons",
    "topCategoryId": "354",
    "categories": [
      {
        "name": "Boissons",
        "id": "354",
        "children": [
          {
            "name": "Boissons rafra\u00eechissantes",
            "id": "372",
            "children": [
              {
                "name": "Tonic",
                "id": "376"
              }
            ]
          }
        ]
      },
      {
        "name": "Boissons",
        "id": "354",
        "children": [
          {
            "name": "Alcools/Spiritueux",
            "id": "412",
            "children": [
              {
                "name": "Tonic",
                "id": "376"
              }
            ]
          }
        ]
      }
    ],
    "IsPrivateLabel": false,
    "amount": 0.33,
    "IsBiffe": false,
    "WeightconversionFactor": "0",
    "IsWeightArticle": false,
    "nutriscoreLabel": "D",
    "IsBio": false,
    "CountryOfOrigin": "FRANCE",
    "IsExclusivelySoldInLuxembourg": false,
    "OrderUnit": "P",
    "ShortName": "SCHW PINK 33CL",
    "IsNew": false,
    "amountUnit": "kg",
    "CountryOfOriginISO": "FR",
    "LongName": "SCHWEPPES Pink 33cl",
    "RecentQuanityOfStockUnits": "1,6,24",
    "FicCode": "E"
  },
  {
    "technicalArticleNumber": "4588127",
    "commercialArticleNumber": "21105",
    "gtin": [
      "08435185972965",
      "08435185972972",
      "08435185972958"
    ],
    "productId": "786542",
    "name": "Bitter Lemon",
    "description": "*Limonade p\u00e9tillante",
    "brand": "SCHWEPPES",
    "seoBrand": "Schweppes",
    "thumbNail": "https://static.colruytgroup.com/images/200x200/std.lang.all/29/32/asset-3232932.jpg",
    "fullImage": "https://static.colruytgroup.com/images/500x500/std.lang.all/29/32/asset-3232932.jpg",
    "squareImage": "https://static.colruytgroup.com/images/500x500sq/std.lang.all/29/32/asset-3232932.jpg",
    "content": "33cl",
    "price": {
      "basicPrice": 1.14,
      "recommendedQuantity": "6.0",
      "quantityPrice": 1.09,
      "quantityPriceQuantity": "24.0",
      "measurementUnitPrice": 3.46,
      "measurementUnitQuantityPrice": 3.31,
      "measurementUnit": "L",
      "isRedPrice": false,
      "pricePerUOM": 3.46,
      "activationDate": "04-06-2025",
      "recordSource": "Offline",
      "isPromoActive": "N",
      "priceChangeCode": "E",
      "quantityPricePerUOM": 3.31,
      "quantityActivationDate": "04-06-2025",
      "quantityPriceChangeCode": "E",
      "priceReason": "Reaction"
    },
    "isPriceAvailable": true,
    "channelAvailability": [
      "8_BE_STORE",
      "8_LU_STORE",
      "8_BE_COLLECT_NEXT_DAY",
      "8_BE_HOME_DELIVERY",
      "8_BE_HOME_DELIVERY_DRIVER"
    ],
    "businessDomain": "RETAIL_BE",
    "walkRouteSequenceNumber": 4504,
    "isAvailable": true,
    "inPromo": true,
    "promotion": [
      {
        "techPromoId": "101208COLR",
        "promotionId": "101208",
        "promotionType": "3",
        "isPersonalized": "N",
        "publicationStartDate": "04-06-2025",
        "publicationEndDate": "17-06-2025",
        "topPromo": false
      }
    ],
    "topCategoryName": "Boissons",
    "topCategoryId": "354",
    "categories": [
      {
        "name": "Boissons",
        "id": "354",
        "children": [
          {
            "name": "Boissons rafra\u00eechissantes",
            "id": "372",
            "children": [
              {
                "name": "Tonic",
                "id": "376"
              }
            ]
          }
        ]
      },
      {
        "name": "Boissons",
        "id": "354",
        "children": [
          {
            "name": "Alcools/Spiritueux",
            "id": "412",
            "children": [
              {
                "name": "Tonic",
                "id": "376"
              }
            ]
          }
        ]
      }
    ],
    "IsPrivateLabel": false,
    "amount": 0.33,
    "IsBiffe": false,
    "WeightconversionFactor": "0",
    "IsWeightArticle": false,
    "nutriscoreLabel": "D",
    "IsBio": false,
    "CountryOfOrigin": "FRANCE",
    "IsExclusivelySoldInLuxembourg": false,
    "OrderUnit": "P",
    "ShortName": "SCHW BITTER LEMON 33CL",
    "IsNew": false,
    "amountUnit": "kg",
    "CountryOfOriginISO": "FR",
    "LongName": "SCHWEPPES Bitter Lemon 33cl",
    "RecentQuanityOfStockUnits": "1,6,24",
    "FicCode": "E"
  },
  {
    "technicalArticleNumber": "4617861",
    "commercialArticleNumber": "11284",
    "gtin": [
      "04002968032990",
      "04002968031993",
      "04002968231997"
    ],
    "productId": "802346",
    "name": "Lemon-Ginger Fit",
    "description": "*Go\u00fbt: orange\n*Go\u00fbt: citron,\ngingembre\n*Avec \u00e9dulcorants",
    "brand": "T\u00d6NISSTEINER",
    "seoBrand": "T\u00f6nissteiner",
    "thumbNail": "https://static.colruytgroup.com/images/200x200/std.lang.all/97/29/asset-2869729.jpg",
    "fullImage": "https://static.colruytgroup.com/images/500x500/std.lang.all/97/29/asset-2869729.jpg",
    "squareImage": "https://static.colruytgroup.com/images/500x500sq/std.lang.all/97/29/asset-2869729.jpg",
    "content": "33cl",
    "price": {
      "basicPrice": 1.16,
      "recommendedQuantity": "6.0",
      "quantityPrice": 1.07,
      "quantityPriceQuantity": "24.0",
      "measurementUnitPrice": 3.52,
      "measurementUnitQuantityPrice": 3.25,
      "measurementUnit": "L",
      "isRedPrice": false,
      "pricePerUOM": 3.52,
      "activationDate": "15-05-2025",
      "recordSource": "Offline",
      "isPromoActive": "N",
      "priceChangeCode": "H",
      "quantityPricePerUOM": 3.25,
      "quantityActivationDate": "15-05-2025",
      "quantityPriceChangeCode": "H",
      "priceReason": "Reaction"
    },
    "isPriceAvailable": true,
    "channelAvailability": [
      "3_BE_STORE",
      "8_BE_STORE",
      "8_LU_STORE",
      "8_BE_COLLECT_NEXT_DAY",
      "8_BE_HOME_DELIVERY",
      "8_BE_HOME_DELIVERY_DRIVER"
    ],
    "businessDomain": "RETAIL_BE",
    "walkRouteSequenceNumber": 4529,
    "isAvailable": true,
    "inPromo": false,
    "topCategoryName": "Boissons",
    "topCategoryId": "354",
    "categories": [
      {
        "name": "Boissons",
        "id": "354",
        "children": [
          {
            "name": "Boissons rafra\u00eechissantes",
            "id": "372",
            "children": [
              {
                "name": "Tonic",
                "id": "376"
              }
            ]
          }
        ]
      },
      {
        "name": "Boissons",
        "id": "354",
        "children": [
          {
            "name": "Alcools/Spiritueux",
            "id": "412",
            "children": [
              {
                "name": "Tonic",
                "id": "376"
              }
            ]
          }
        ]
      }
    ],
    "IsPrivateLabel": false,
    "amount": 0.33,
    "IsBiffe": false,
    "WeightconversionFactor": "0",
    "IsWeightArticle": false,
    "nutriscoreLabel": "B",
    "IsBio": false,
    "CountryOfOrigin": "ALLEMAGNE",
    "IsExclusivelySoldInLuxembourg": false,
    "OrderUnit": "P",
    "ShortName": "TONI LEMON-GING.FIT33CL",
    "InSeason": true,
    "IsNew": false,
    "amountUnit": "kg",
    "CountryOfOriginISO": "DE",
    "LongName": "T\u00d6NISSTEINER Lemon-Ginger Fit 33cl",
    "RecentQuanityOfStockUnits": "1,6,24",
    "StartSeasonDate": "22/09/2022",
    "FicCode": "E"
  },
  {
    "technicalArticleNumber": "4883832",
    "commercialArticleNumber": "13399",
    "gtin": [
      "05060108451437",
      "05060108451222",
      "05060108451239"
    ],
    "productId": "1261632",
    "name": "Tonic Mediterranean",
    "brand": "FEVER-TREE",
    "seoBrand": "Fever-Tree",
    "thumbNail": "https://static.colruytgroup.com/images/200x200/std.lang.all/67/41/asset-3776741.jpg",
    "fullImage": "https://static.colruytgroup.com/images/500x500/std.lang.all/67/41/asset-3776741.jpg",
    "squareImage": "https://static.colruytgroup.com/images/500x500sq/std.lang.all/67/41/asset-3776741.jpg",
    "content": "15cl",
    "price": {
      "basicPrice": 1.22,
      "recommendedQuantity": "8.0",
      "measurementUnitPrice": 8.14,
      "measurementUnit": "L",
      "isRedPrice": false,
      "pricePerUOM": 8.14,
      "activationDate": "30-04-2025",
      "recordSource": "Offline",
      "isPromoActive": "N",
      "priceChangeCode": "L",
      "priceReason": "Reaction"
    },
    "isPriceAvailable": true,
    "channelAvailability": [
      "8_BE_STORE",
      "8_LU_STORE",
      "8_BE_COLLECT_NEXT_DAY",
      "8_BE_HOME_DELIVERY",
      "8_BE_HOME_DELIVERY_DRIVER"
    ],
    "businessDomain": "RETAIL_BE",
    "walkRouteSequenceNumber": 747,
    "isAvailable": true,
    "inPromo": false,
    "topCategoryName": "Boissons",
    "topCategoryId": "354",
    "categories": [
      {
        "name": "Boissons",
        "id": "354",
        "children": [
          {
            "name": "Alcools/Spiritueux",
            "id": "412",
            "children": [
              {
                "name": "Gin",
                "id": "1555"
              }
            ]
          }
        ]
      }
    ],
    "IsPrivateLabel": false,
    "amount": 0.15,
    "IsBiffe": false,
    "WeightconversionFactor": "0",
    "IsWeightArticle": false,
    "nutriscoreLabel": "D",
    "IsBio": false,
    "CountryOfOrigin": "ROYAUME-UNI",
    "IsExclusivelySoldInLuxembourg": false,
    "OrderUnit": "P",
    "ShortName": "FEVT MEDITERANEAN 15CL",
    "IsNew": false,
    "amountUnit": "kg",
    "CountryOfOriginISO": "GB",
    "ShowAlcoholLegalMsg": false,
    "LongName": "FEVER-TREE Tonic Mediterranean 15cl",
    "RecentQuanityOfStockUnits": "8,1,24",
    "AlcoholVolume": "0",
    "FicCode": "E"
  },
  {
    "technicalArticleNumber": "4715976",
    "commercialArticleNumber": "31982",
    "gtin": [
      "03124480001702",
      "05410221205583",
      "05410221107290"
    ],
    "productId": "864173",
    "name": "Indian tonic",
    "description": "*P\u00e9tillant\n*Quinine",
    "brand": "SCHWEPPES",
    "seoBrand": "Schweppes",
    "thumbNail": "https://static.colruytgroup.com/images/200x200/fra/01/35/asset-3560135.jpg",
    "fullImage": "https://static.colruytgroup.com/images/500x500/fra/01/35/asset-3560135.jpg",
    "squareImage": "https://static.colruytgroup.com/images/500x500sq/fra/01/35/asset-3560135.jpg",
    "content": "50cl",
    "price": {
      "basicPrice": 1.74,
      "recommendedQuantity": "6.0",
      "quantityPrice": 1.67,
      "quantityPriceQuantity": "24.0",
      "measurementUnitPrice": 3.48,
      "measurementUnitQuantityPrice": 3.34,
      "measurementUnit": "L",
      "isRedPrice": false,
      "pricePerUOM": 3.48,
      "activationDate": "26-05-2025",
      "recordSource": "Offline",
      "isPromoActive": "N",
      "priceChangeCode": "H",
      "quantityPricePerUOM": 3.34,
      "quantityActivationDate": "26-05-2025",
      "quantityPriceChangeCode": "E",
      "priceReason": "Reaction"
    },
    "isPriceAvailable": true,
    "channelAvailability": [
      "8_BE_STORE",
      "8_LU_STORE",
      "8_BE_COLLECT_NEXT_DAY",
      "8_BE_HOME_DELIVERY",
      "8_BE_HOME_DELIVERY_DRIVER"
    ],
    "businessDomain": "RETAIL_BE",
    "walkRouteSequenceNumber": 4508,
    "isAvailable": true,
    "inPromo": false,
    "topCategoryName": "Boissons",
    "topCategoryId": "354",
    "categories": [
      {
        "name": "Boissons",
        "id": "354",
        "children": [
          {
            "name": "Boissons rafra\u00eechissantes",
            "id": "372",
            "children": [
              {
                "name": "Tonic",
                "id": "376"
              }
            ]
          }
        ]
      },
      {
        "name": "Boissons",
        "id": "354",
        "children": [
          {
            "name": "Alcools/Spiritueux",
            "id": "412",
            "children": [
              {
                "name": "Tonic",
                "id": "376"
              }
            ]
          }
        ]
      }
    ],
    "IsPrivateLabel": false,
    "amount": 0.5,
    "IsBiffe": false,
    "WeightconversionFactor": "0",
    "IsWeightArticle": false,
    "nutriscoreLabel": "C",
    "IsBio": false,
    "CountryOfOrigin": "FRANCE",
    "IsExclusivelySoldInLuxembourg": false,
    "OrderUnit": "P",
    "ShortName": "SCHW INDIAN TONIC 50CL",
    "IsNew": false,
    "amountUnit": "kg",
    "CountryOfOriginISO": "FR",
    "servings": 2.5,
    "LongName": "SCHWEPPES Indian tonic 50cl",
    "RecentQuanityOfStockUnits": "6,24,1",
    "FicCode": "E"
  },
  {
    "technicalArticleNumber": "3606119",
    "commercialArticleNumber": "12428",
    "gtin": [
      "05020934412514",
      "05020934402522"
    ],
    "productId": "251737",
    "name": "Spiced Tomato Mix",
    "description": "*Jus de tomate \u00e9pic\u00e9\n*Base pour Bloody\nMary",
    "brand": "BIG TOM",
    "seoBrand": "Big Tom",
    "thumbNail": "https://static.colruytgroup.com/images/200x200/std.lang.all/15/26/asset-1091526.jpg",
    "fullImage": "https://static.colruytgroup.com/images/500x500/std.lang.all/15/26/asset-1091526.jpg",
    "squareImage": "https://static.colruytgroup.com/images/500x500sq/std.lang.all/15/26/asset-1091526.jpg",
    "content": "25cl",
    "price": {
      "basicPrice": 1.79,
      "recommendedQuantity": "1.0",
      "measurementUnitPrice": 7.16,
      "measurementUnit": "L",
      "isRedPrice": false,
      "pricePerUOM": 7.16,
      "activationDate": "16-01-2025",
      "recordSource": "Offline",
      "isPromoActive": "N",
      "priceChangeCode": "E",
      "priceReason": "Reaction"
    },
    "isPriceAvailable": true,
    "channelAvailability": [
      "8_BE_STORE",
      "8_LU_STORE",
      "8_BE_COLLECT_NEXT_DAY",
      "8_BE_HOME_DELIVERY_DRIVER"
    ],
    "businessDomain": "RETAIL_BE",
    "walkRouteSequenceNumber": 814,
    "isAvailable": true,
    "inPromo": false,
    "topCategoryName": "Boissons",
    "topCategoryId": "354",
    "categories": [
      {
        "name": "Boissons",
        "id": "354",
        "children": [
          {
            "name": "Alcools/Spiritueux",
            "id": "412",
            "children": [
              {
                "name": "Vodka",
                "id": "418"
              }
            ]
          }
        ]
      }
    ],
    "IsPrivateLabel": false,
    "amount": 0.25,
    "IsBiffe": false,
    "WeightconversionFactor": "0",
    "IsWeightArticle": false,
    "nutriscoreLabel": "B",
    "IsBio": false,
    "CountryOfOrigin": "BELGIQUE",
    "IsExclusivelySoldInLuxembourg": false,
    "OrderUnit": "P",
    "ShortName": "BIG TOM SP.TOM.JUICE25C",
    "IsNew": false,
    "amountUnit": "kg",
    "CountryOfOriginISO": "BE",
    "EcoscoreLabel": "C",
    "ShowAlcoholLegalMsg": false,
    "LongName": "BIG TOM Spiced Tomato Mix 25cl",
    "RecentQuanityOfStockUnits": "1,24",
    "AlcoholVolume": "0",
    "FicCode": "E",
    "EcoscoreValue": "45"
  },
  {
    "technicalArticleNumber": "4833676",
    "commercialArticleNumber": "22206",
    "gtin": [
      "05060108457927",
      "25060108457921"
    ],
    "productId": "1185534",
    "name": "Sparkling Ginger Beer",
    "description": "*P\u00e9tillant",
    "brand": "FEVER-TREE",
    "seoBrand": "Fever-Tree",
    "thumbNail": "https://static.colruytgroup.com/images/200x200/std.lang.all/74/99/asset-3617499.jpg",
    "fullImage": "https://static.colruytgroup.com/images/500x500/std.lang.all/74/99/asset-3617499.jpg",
    "squareImage": "https://static.colruytgroup.com/images/500x500sq/std.lang.all/74/99/asset-3617499.jpg",
    "content": "25cl",
    "price": {
      "basicPrice": 1.79,
      "recommendedQuantity": "1.0",
      "quantityPrice": 1.65,
      "quantityPriceQuantity": "12.0",
      "measurementUnitPrice": 7.16,
      "measurementUnitQuantityPrice": 6.6,
      "measurementUnit": "L",
      "isRedPrice": false,
      "pricePerUOM": 7.16,
      "activationDate": "12-05-2025",
      "recordSource": "Offline",
      "isPromoActive": "N",
      "priceChangeCode": "H",
      "quantityPricePerUOM": 6.6,
      "quantityActivationDate": "12-05-2025",
      "quantityPriceChangeCode": "H",
      "priceReason": "Reaction"
    },
    "isPriceAvailable": true,
    "channelAvailability": [
      "8_BE_STORE",
      "8_BE_COLLECT_NEXT_DAY",
      "8_BE_HOME_DELIVERY",
      "8_BE_HOME_DELIVERY_DRIVER"
    ],
    "businessDomain": "RETAIL_BE",
    "walkRouteSequenceNumber": 7810,
    "isAvailable": true,
    "inPromo": false,
    "topCategoryName": "Boissons",
    "topCategoryId": "354",
    "categories": [
      {
        "name": "Boissons",
        "id": "354",
        "children": [
          {
            "name": "Boissons rafra\u00eechissantes",
            "id": "372",
            "children": [
              {
                "name": "Tonic",
                "id": "376"
              }
            ]
          }
        ]
      },
      {
        "name": "Boissons",
        "id": "354",
        "children": [
          {
            "name": "Alcools/Spiritueux",
            "id": "412",
            "children": [
              {
                "name": "Tonic",
                "id": "376"
              }
            ]
          }
        ]
      }
    ],
    "IsPrivateLabel": false,
    "amount": 0.25,
    "IsBiffe": false,
    "WeightconversionFactor": "0",
    "IsWeightArticle": false,
    "nutriscoreLabel": "E",
    "IsBio": false,
    "CountryOfOrigin": "ROYAUME-UNI",
    "IsExclusivelySoldInLuxembourg": false,
    "OrderUnit": "P",
    "ShortName": "BBQ FEVT GING.BEER 25CL",
    "InSeason": true,
    "IsNew": false,
    "amountUnit": "kg",
    "CountryOfOriginISO": "GB",
    "LongName": "FEVER-TREE Sparkling Ginger Beer 25cl",
    "RecentQuanityOfStockUnits": "1,12",
    "StartSeasonDate": "04/04/2025",
    "FicCode": "E"
  },
  {
    "technicalArticleNumber": "3287550",
    "commercialArticleNumber": "44534",
    "gtin": [
      "05410221305061",
      "05410221105265",
      "03124480001429",
      "03124482000994"
    ],
    "productId": "144038",
    "name": "Zero Indian tonic",
    "description": "*P\u00e9tillant\n*Avec \u00e9dulcorants\n*Quinine",
    "brand": "SCHWEPPES",
    "seoBrand": "Schweppes Zero",
    "thumbNail": "https://static.colruytgroup.com/images/200x200/fra/01/64/asset-3270164.jpg",
    "fullImage": "https://static.colruytgroup.com/images/500x500/fra/01/64/asset-3270164.jpg",
    "squareImage": "https://static.colruytgroup.com/images/500x500sq/fra/01/64/asset-3270164.jpg",
    "content": "1,5L",
    "price": {
      "basicPrice": 2.29,
      "recommendedQuantity": "6.0",
      "measurementUnitPrice": 1.53,
      "measurementUnit": "L",
      "isRedPrice": false,
      "pricePerUOM": 1.53,
      "activationDate": "14-05-2025",
      "recordSource": "Offline",
      "isPromoActive": "N",
      "priceChangeCode": "E",
      "priceReason": "Reaction"
    },
    "isPriceAvailable": true,
    "channelAvailability": [
      "8_BE_STORE",
      "8_LU_STORE",
      "8_BE_COLLECT_NEXT_DAY",
      "8_BE_HOME_DELIVERY",
      "8_BE_HOME_DELIVERY_DRIVER"
    ],
    "businessDomain": "RETAIL_BE",
    "walkRouteSequenceNumber": 4507,
    "isAvailable": true,
    "inPromo": false,
    "topCategoryName": "Boissons",
    "topCategoryId": "354",
    "categories": [
      {
        "name": "Boissons",
        "id": "354",
        "children": [
          {
            "name": "Boissons rafra\u00eechissantes",
            "id": "372",
            "children": [
              {
                "name": "Tonic",
                "id": "376"
              }
            ]
          }
        ]
      },
      {
        "name": "Boissons",
        "id": "354",
        "children": [
          {
            "name": "Alcools/Spiritueux",
            "id": "412",
            "children": [
              {
                "name": "Tonic",
                "id": "376"
              }
            ]
          }
        ]
      }
    ],
    "IsPrivateLabel": false,
    "amount": 1.5,
    "IsBiffe": false,
    "WeightconversionFactor": "0",
    "IsWeightArticle": false,
    "nutriscoreLabel": "C",
    "IsBio": false,
    "CountryOfOrigin": "FRANCE",
    "IsExclusivelySoldInLuxembourg": false,
    "OrderUnit": "P",
    "ShortName": "SCHW ZERO TONIC 1.5L",
    "IsNew": false,
    "amountUnit": "kg",
    "CountryOfOriginISO": "FR",
    "ShowAlcoholLegalMsg": false,
    "LongName": "SCHWEPPES Zero Indian tonic 1,5L",
    "RecentQuanityOfStockUnits": "1,6",
    "AlcoholVolume": "0",
    "FicCode": "E"
  },
  {
    "technicalArticleNumber": "4714545",
    "commercialArticleNumber": "31901",
    "gtin": [
      "08711300999872",
      "08711300000004",
      "08711300999964"
    ],
    "productId": "863101",
    "name": "Ice Raspberry 4% canette",
    "description": "*Vodka based\n*Ready to drink\n*4 % vol",
    "brand": "SMIRNOFF",
    "seoBrand": "Smirnoff",
    "thumbNail": "https://static.colruytgroup.com/images/200x200/std.lang.all/82/55/asset-3828255.jpg",
    "fullImage": "https://static.colruytgroup.com/images/500x500/std.lang.all/82/55/asset-3828255.jpg",
    "squareImage": "https://static.colruytgroup.com/images/500x500sq/std.lang.all/82/55/asset-3828255.jpg",
    "content": "25cl",
    "price": {
      "basicPrice": 2.29,
      "recommendedQuantity": "1.0",
      "quantityPrice": 2.2,
      "quantityPriceQuantity": "12.0",
      "measurementUnitPrice": 9.16,
      "measurementUnitQuantityPrice": 8.8,
      "measurementUnit": "L",
      "isRedPrice": false,
      "pricePerUOM": 9.16,
      "activationDate": "05-06-2025",
      "recordSource": "Offline",
      "isPromoActive": "N",
      "priceChangeCode": "E",
      "quantityPricePerUOM": 8.8,
      "quantityActivationDate": "05-06-2025",
      "quantityPriceChangeCode": "H",
      "priceReason": "Reaction"
    },
    "isPriceAvailable": true,
    "channelAvailability": [
      "8_BE_STORE",
      "8_BE_COLLECT_NEXT_DAY",
      "8_BE_HOME_DELIVERY",
      "8_BE_HOME_DELIVERY_DRIVER"
    ],
    "businessDomain": "RETAIL_BE",
    "walkRouteSequenceNumber": 764,
    "isAvailable": true,
    "inPromo": false,
    "topCategoryName": "Boissons",
    "topCategoryId": "354",
    "categories": [
      {
        "name": "Boissons",
        "id": "354",
        "children": [
          {
            "name": "Alcools/Spiritueux",
            "id": "412",
            "children": [
              {
                "name": "Vodka",
                "id": "418"
              }
            ]
          }
        ]
      }
    ],
    "IsPrivateLabel": false,
    "amount": 0.25,
    "IsBiffe": false,
    "WeightconversionFactor": "0",
    "IsWeightArticle": false,
    "IsBio": false,
    "CountryOfOrigin": "ITALIE",
    "IsExclusivelySoldInLuxembourg": false,
    "OrderUnit": "P",
    "ShortName": "SMIR ICE RASPBERRY 25CL",
    "AlcoholDisclaimermsg": true,
    "IsNew": false,
    "amountUnit": "kg",
    "CountryOfOriginISO": "IT",
    "EcoscoreLabel": "D",
    "ShowAlcoholLegalMsg": true,
    "LongName": "SMIRNOFF Ice Raspberry 4% canette 25cl",
    "RecentQuanityOfStockUnits": "12,1",
    "AlcoholVolume": "4",
    "FicCode": "E",
    "EcoscoreValue": "38"
  },
  {
    "technicalArticleNumber": "4799062",
    "commercialArticleNumber": "10575",
    "gtin": [
      "07312040323043",
      "07312040323050"
    ],
    "productId": "1048247",
    "name": "Raspberry Lemon. can",
    "brand": "ABSOLUT",
    "seoBrand": "Absolut Drinks",
    "thumbNail": "https://static.colruytgroup.com/images/200x200/std.lang.all/61/46/asset-3436146.jpg",
    "fullImage": "https://static.colruytgroup.com/images/500x500/std.lang.all/61/46/asset-3436146.jpg",
    "squareImage": "https://static.colruytgroup.com/images/500x500sq/std.lang.all/61/46/asset-3436146.jpg",
    "content": "25cl",
    "price": {
      "basicPrice": 2.29,
      "recommendedQuantity": "1.0",
      "measurementUnitPrice": 9.16,
      "measurementUnit": "L",
      "isRedPrice": false,
      "pricePerUOM": 9.16,
      "activationDate": "02-05-2025",
      "recordSource": "Offline",
      "isPromoActive": "N",
      "priceChangeCode": "H",
      "priceReason": "Reaction"
    },
    "isPriceAvailable": true,
    "channelAvailability": [
      "3_BE_STORE",
      "8_BE_STORE",
      "8_BE_COLLECT_NEXT_DAY",
      "8_BE_HOME_DELIVERY_DRIVER"
    ],
    "businessDomain": "RETAIL_BE",
    "walkRouteSequenceNumber": 761,
    "isAvailable": true,
    "inPromo": false,
    "topCategoryName": "Boissons",
    "topCategoryId": "354",
    "categories": [
      {
        "name": "Boissons",
        "id": "354",
        "children": [
          {
            "name": "Alcools/Spiritueux",
            "id": "412",
            "children": [
              {
                "name": "Vodka",
                "id": "418"
              }
            ]
          }
        ]
      }
    ],
    "IsPrivateLabel": false,
    "amount": 0.25,
    "IsBiffe": false,
    "WeightconversionFactor": "0",
    "IsWeightArticle": false,
    "IsBio": false,
    "CountryOfOrigin": "SU\u00c8DE",
    "IsExclusivelySoldInLuxembourg": false,
    "OrderUnit": "P",
    "ShortName": "ABSO RASPBERRY 25CL",
    "AlcoholDisclaimermsg": true,
    "IsNew": false,
    "amountUnit": "kg",
    "CountryOfOriginISO": "SE",
    "EcoscoreLabel": "D",
    "ShowAlcoholLegalMsg": true,
    "LongName": "ABSOLUT Raspberry Lemon. can 25cl",
    "RecentQuanityOfStockUnits": "1,12",
    "AlcoholVolume": "5",
    "FicCode": "E",
    "EcoscoreValue": "38"
  },
  {
    "technicalArticleNumber": "4097609",
    "commercialArticleNumber": "8362",
    "gtin": [
      "03124480182746",
      "05410221107313",
      "03124488196363",
      "03124480196361"
    ],
    "productId": "516388",
    "name": "Indian tonic",
    "description": "*P\u00e9tillant\n*Quinine",
    "brand": "SCHWEPPES",
    "seoBrand": "Schweppes",
    "thumbNail": "https://static.colruytgroup.com/images/200x200/fra/29/62/asset-3222962.jpg",
    "fullImage": "https://static.colruytgroup.com/images/500x500/fra/29/62/asset-3222962.jpg",
    "squareImage": "https://static.colruytgroup.com/images/500x500sq/fra/29/62/asset-3222962.jpg",
    "content": "1,5L",
    "price": {
      "basicPrice": 2.88,
      "recommendedQuantity": "6.0",
      "measurementUnitPrice": 1.92,
      "measurementUnit": "L",
      "isRedPrice": false,
      "pricePerUOM": 1.92,
      "activationDate": "04-06-2025",
      "recordSource": "Offline",
      "isPromoActive": "N",
      "priceChangeCode": "H",
      "priceReason": "Reaction"
    },
    "isPriceAvailable": true,
    "channelAvailability": [
      "3_BE_STORE",
      "8_BE_STORE",
      "8_LU_STORE",
      "8_BE_COLLECT_NEXT_DAY",
      "8_BE_HOME_DELIVERY",
      "8_BE_HOME_DELIVERY_DRIVER"
    ],
    "businessDomain": "RETAIL_BE",
    "walkRouteSequenceNumber": 4484,
    "isAvailable": true,
    "inPromo": false,
    "topCategoryName": "Boissons",
    "topCategoryId": "354",
    "categories": [
      {
        "name": "Boissons",
        "id": "354",
        "children": [
          {
            "name": "Boissons rafra\u00eechissantes",
            "id": "372",
            "children": [
              {
                "name": "Tonic",
                "id": "376"
              }
            ]
          }
        ]
      },
      {
        "name": "Boissons",
        "id": "354",
        "children": [
          {
            "name": "Alcools/Spiritueux",
            "id": "412",
            "children": [
              {
                "name": "Tonic",
                "id": "376"
              }
            ]
          }
        ]
      }
    ],
    "IsPrivateLabel": false,
    "amount": 1.5,
    "IsBiffe": false,
    "WeightconversionFactor": "0",
    "IsWeightArticle": false,
    "nutriscoreLabel": "D",
    "IsBio": false,
    "CountryOfOrigin": "FRANCE",
    "IsExclusivelySoldInLuxembourg": false,
    "OrderUnit": "P",
    "ShortName": "SCHW INDIAN TONIC 1.5L",
    "IsNew": false,
    "amountUnit": "kg",
    "CountryOfOriginISO": "FR",
    "LongName": "SCHWEPPES Indian tonic 1,5L",
    "RecentQuanityOfStockUnits": "1,6",
    "FicCode": "E"
  },
  {
    "technicalArticleNumber": "4259177",
    "commercialArticleNumber": "22821",
    "gtin": [
      "05060108450263",
      "05060108450270"
    ],
    "productId": "596933",
    "name": "tonic Premium Indian",
    "description": "*P\u00e9tillant\n*Quinine\n*Tonic neutre",
    "brand": "FEVER-TREE",
    "seoBrand": "Fever-Tree",
    "thumbNail": "https://static.colruytgroup.com/images/200x200/std.lang.all/12/73/asset-2091273.jpg",
    "fullImage": "https://static.colruytgroup.com/images/500x500/std.lang.all/12/73/asset-2091273.jpg",
    "squareImage": "https://static.colruytgroup.com/images/500x500sq/std.lang.all/12/73/asset-2091273.jpg",
    "content": "50cl",
    "price": {
      "basicPrice": 2.89,
      "recommendedQuantity": "1.0",
      "measurementUnitPrice": 5.78,
      "measurementUnit": "L",
      "isRedPrice": false,
      "pricePerUOM": 5.78,
      "activationDate": "02-05-2025",
      "recordSource": "Offline",
      "isPromoActive": "N",
      "priceChangeCode": "E",
      "priceReason": "Reaction"
    },
    "isPriceAvailable": true,
    "channelAvailability": [
      "8_BE_STORE",
      "8_LU_STORE",
      "8_BE_COLLECT_NEXT_DAY",
      "8_BE_HOME_DELIVERY",
      "8_BE_HOME_DELIVERY_DRIVER"
    ],
    "businessDomain": "RETAIL_BE",
    "walkRouteSequenceNumber": 745,
    "isAvailable": true,
    "inPromo": false,
    "topCategoryName": "Boissons",
    "topCategoryId": "354",
    "categories": [
      {
        "name": "Boissons",
        "id": "354",
        "children": [
          {
            "name": "Boissons rafra\u00eechissantes",
            "id": "372",
            "children": [
              {
                "name": "Tonic",
                "id": "376"
              }
            ]
          }
        ]
      },
      {
        "name": "Boissons",
        "id": "354",
        "children": [
          {
            "name": "Alcools/Spiritueux",
            "id": "412",
            "children": [
              {
                "name": "Tonic",
                "id": "376"
              }
            ]
          }
        ]
      }
    ],
    "IsPrivateLabel": false,
    "amount": 0.5,
    "IsBiffe": false,
    "WeightconversionFactor": "0",
    "IsWeightArticle": false,
    "nutriscoreLabel": "E",
    "IsBio": false,
    "CountryOfOrigin": "ROYAUME-UNI",
    "IsExclusivelySoldInLuxembourg": false,
    "OrderUnit": "P",
    "ShortName": "FEV TREE PR.IND.TON50CL",
    "IsNew": false,
    "amountUnit": "kg",
    "CountryOfOriginISO": "GB",
    "servings": {
      "source": "1.0",
      "parsedValue": 1
    },
    "LongName": "FEVER-TREE tonic Premium Indian 50cl",
    "RecentQuanityOfStockUnits": "8,1",
    "FicCode": "E"
  },
  {
    "technicalArticleNumber": "4077287",
    "commercialArticleNumber": "7416",
    "gtin": [
      "05060108450553",
      "05060108450546"
    ],
    "productId": "513586",
    "name": "tonic Mediterranean",
    "brand": "FEVER-TREE",
    "seoBrand": "Fever-Tree",
    "thumbNail": "https://static.colruytgroup.com/images/200x200/std.lang.all/05/64/asset-1740564.jpg",
    "fullImage": "https://static.colruytgroup.com/images/500x500/std.lang.all/05/64/asset-1740564.jpg",
    "squareImage": "https://static.colruytgroup.com/images/500x500sq/std.lang.all/05/64/asset-1740564.jpg",
    "content": "50cl",
    "price": {
      "basicPrice": 3.49,
      "recommendedQuantity": "1.0",
      "quantityPrice": 3.35,
      "quantityPriceQuantity": "8.0",
      "measurementUnitPrice": 6.98,
      "measurementUnitQuantityPrice": 6.7,
      "measurementUnit": "L",
      "isRedPrice": false,
      "pricePerUOM": 6.98,
      "activationDate": "04-06-2025",
      "recordSource": "Offline",
      "isPromoActive": "N",
      "priceChangeCode": "H",
      "quantityPricePerUOM": 6.7,
      "quantityActivationDate": "04-06-2025",
      "quantityPriceChangeCode": "H",
      "priceReason": "Reaction"
    },
    "isPriceAvailable": true,
    "channelAvailability": [
      "3_BE_STORE",
      "8_BE_STORE",
      "8_LU_STORE",
      "8_BE_COLLECT_NEXT_DAY",
      "8_BE_HOME_DELIVERY",
      "8_BE_HOME_DELIVERY_DRIVER"
    ],
    "businessDomain": "RETAIL_BE",
    "walkRouteSequenceNumber": 746,
    "isAvailable": true,
    "inPromo": false,
    "topCategoryName": "Boissons",
    "topCategoryId": "354",
    "categories": [
      {
        "name": "Boissons",
        "id": "354",
        "children": [
          {
            "name": "Boissons rafra\u00eechissantes",
            "id": "372",
            "children": [
              {
                "name": "Tonic",
                "id": "376"
              }
            ]
          }
        ]
      },
      {
        "name": "Boissons",
        "id": "354",
        "children": [
          {
            "name": "Alcools/Spiritueux",
            "id": "412",
            "children": [
              {
                "name": "Tonic",
                "id": "376"
              }
            ]
          }
        ]
      }
    ],
    "IsPrivateLabel": false,
    "amount": 0.5,
    "IsBiffe": false,
    "WeightconversionFactor": "0",
    "IsWeightArticle": false,
    "IsBio": false,
    "CountryOfOrigin": "ROYAUME-UNI",
    "IsExclusivelySoldInLuxembourg": false,
    "OrderUnit": "P",
    "ShortName": "FEVT MEDITERANEAN 50CL",
    "IsNew": false,
    "amountUnit": "kg",
    "CountryOfOriginISO": "GB",
    "LongName": "FEVER-TREE tonic Mediterranean 50cl",
    "RecentQuanityOfStockUnits": "1,8",
    "FicCode": "E"
  },
  {
    "technicalArticleNumber": "4877388",
    "commercialArticleNumber": "39041",
    "gtin": [
      "05060108450386",
      "05060108450393"
    ],
    "productId": "1257048",
    "name": "Ginger Beer",
    "description": "*Premium Mixer\n*Go\u00fbt: gingembre\n*Sans alcool",
    "brand": "FEVER-TREE",
    "seoBrand": "Fever-Tree",
    "thumbNail": "https://static.colruytgroup.com/images/200x200/std.lang.all/00/18/asset-3740018.jpg",
    "fullImage": "https://static.colruytgroup.com/images/500x500/std.lang.all/00/18/asset-3740018.jpg",
    "squareImage": "https://static.colruytgroup.com/images/500x500sq/std.lang.all/00/18/asset-3740018.jpg",
    "content": "50cl",
    "price": {
      "basicPrice": 3.59,
      "recommendedQuantity": "1.0",
      "quantityPrice": 3.45,
      "quantityPriceQuantity": "8.0",
      "measurementUnitPrice": 7.18,
      "measurementUnitQuantityPrice": 6.9,
      "measurementUnit": "L",
      "isRedPrice": false,
      "pricePerUOM": 7.18,
      "activationDate": "17-05-2025",
      "recordSource": "Offline",
      "isPromoActive": "N",
      "priceChangeCode": "H",
      "quantityPricePerUOM": 6.9,
      "quantityActivationDate": "17-05-2025",
      "quantityPriceChangeCode": "H",
      "priceReason": "Reaction"
    },
    "isPriceAvailable": true,
    "channelAvailability": [
      "8_BE_STORE",
      "8_LU_STORE",
      "8_BE_COLLECT_NEXT_DAY",
      "8_BE_HOME_DELIVERY_DRIVER"
    ],
    "businessDomain": "RETAIL_BE",
    "walkRouteSequenceNumber": 720,
    "isAvailable": true,
    "inPromo": false,
    "topCategoryName": "Boissons",
    "topCategoryId": "354",
    "categories": [
      {
        "name": "Boissons",
        "id": "354",
        "children": [
          {
            "name": "Alcools/Spiritueux",
            "id": "412",
            "children": [
              {
                "name": "Gin",
                "id": "1555"
              }
            ]
          }
        ]
      }
    ],
    "IsPrivateLabel": false,
    "amount": 0.5,
    "IsBiffe": false,
    "WeightconversionFactor": "0",
    "IsWeightArticle": false,
    "nutriscoreLabel": "E",
    "IsBio": false,
    "CountryOfOrigin": "ROYAUME-UNI",
    "IsExclusivelySoldInLuxembourg": false,
    "OrderUnit": "P",
    "ShortName": "FEVT GINGER BEER 50CL",
    "IsNew": false,
    "amountUnit": "kg",
    "CountryOfOriginISO": "GB",
    "servings": {
      "source": "1.0",
      "parsedValue": 1
    },
    "ShowAlcoholLegalMsg": false,
    "LongName": "FEVER-TREE Ginger Beer 50cl",
    "RecentQuanityOfStockUnits": "1,8",
    "AlcoholVolume": "0",
    "FicCode": "E"
  },
  {
    "technicalArticleNumber": "3401314",
    "commercialArticleNumber": "40424",
    "gtin": [
      "05060108450874",
      "05060108450850",
      "05060108450843"
    ],
    "productId": "170741",
    "name": "tonic Elderflower",
    "description": "*P\u00e9tillant\n*Quinine\n*Tonic floral",
    "brand": "FEVER-TREE",
    "seoBrand": "Fever-Tree",
    "thumbNail": "https://static.colruytgroup.com/images/200x200/std.lang.all/11/15/asset-3551115.jpg",
    "fullImage": "https://static.colruytgroup.com/images/500x500/std.lang.all/11/15/asset-3551115.jpg",
    "squareImage": "https://static.colruytgroup.com/images/500x500sq/std.lang.all/11/15/asset-3551115.jpg",
    "content": "4x20cl",
    "price": {
      "basicPrice": 5.29,
      "recommendedQuantity": "1.0",
      "measurementUnitPrice": 6.62,
      "measurementUnit": "L",
      "isRedPrice": false,
      "pricePerUOM": 6.62,
      "activationDate": "25-09-2024",
      "recordSource": "Offline",
      "isPromoActive": "N",
      "priceChangeCode": "H",
      "priceReason": "Reaction"
    },
    "isPriceAvailable": true,
    "channelAvailability": [
      "8_BE_STORE",
      "8_LU_STORE",
      "8_BE_COLLECT_NEXT_DAY",
      "8_BE_HOME_DELIVERY",
      "8_BE_HOME_DELIVERY_DRIVER"
    ],
    "businessDomain": "RETAIL_BE",
    "walkRouteSequenceNumber": 752,
    "isAvailable": true,
    "inPromo": false,
    "topCategoryName": "Boissons",
    "topCategoryId": "354",
    "categories": [
      {
        "name": "Boissons",
        "id": "354",
        "children": [
          {
            "name": "Boissons rafra\u00eechissantes",
            "id": "372",
            "children": [
              {
                "name": "Tonic",
                "id": "376"
              }
            ]
          }
        ]
      },
      {
        "name": "Boissons",
        "id": "354",
        "children": [
          {
            "name": "Alcools/Spiritueux",
            "id": "412",
            "children": [
              {
                "name": "Tonic",
                "id": "376"
              }
            ]
          }
        ]
      }
    ],
    "IsPrivateLabel": false,
    "amount": 0.8,
    "IsBiffe": false,
    "WeightconversionFactor": "0",
    "IsWeightArticle": false,
    "nutriscoreLabel": "D",
    "IsBio": false,
    "CountryOfOrigin": "ROYAUME-UNI",
    "IsExclusivelySoldInLuxembourg": false,
    "OrderUnit": "P",
    "ShortName": "FEV TREE TONIC EF 4X200",
    "IsNew": false,
    "amountUnit": "kg",
    "CountryOfOriginISO": "GB",
    "servings": {
      "source": "1.0",
      "parsedValue": 1
    },
    "ShowAlcoholLegalMsg": false,
    "LongName": "FEVER-TREE tonic Elderflower 4x20cl",
    "RecentQuanityOfStockUnits": "1,6",
    "AlcoholVolume": "0",
    "FicCode": "E"
  },
  {
    "technicalArticleNumber": "3087929",
    "commercialArticleNumber": "41367",
    "gtin": [
      "05060108450010",
      "05060108450034",
      "05060108450003"
    ],
    "productId": "110234",
    "name": "tonic Premium Indian",
    "description": "*P\u00e9tillant\n*Quinine\n*Tonic neutre",
    "brand": "FEVER-TREE",
    "seoBrand": "Fever-Tree",
    "thumbNail": "https://static.colruytgroup.com/images/200x200/std.lang.all/11/13/asset-3551113.jpg",
    "fullImage": "https://static.colruytgroup.com/images/500x500/std.lang.all/11/13/asset-3551113.jpg",
    "squareImage": "https://static.colruytgroup.com/images/500x500sq/std.lang.all/11/13/asset-3551113.jpg",
    "content": "4x20cl",
    "price": {
      "basicPrice": 5.49,
      "recommendedQuantity": "1.0",
      "measurementUnitPrice": 6.87,
      "measurementUnit": "L",
      "isRedPrice": false,
      "pricePerUOM": 6.87,
      "activationDate": "18-02-2025",
      "recordSource": "Offline",
      "isPromoActive": "N",
      "priceChangeCode": "H",
      "priceReason": "Reaction"
    },
    "isPriceAvailable": true,
    "channelAvailability": [
      "3_BE_STORE",
      "8_BE_STORE",
      "8_LU_STORE",
      "8_BE_COLLECT_NEXT_DAY",
      "8_BE_HOME_DELIVERY",
      "8_BE_HOME_DELIVERY_DRIVER"
    ],
    "businessDomain": "RETAIL_BE",
    "walkRouteSequenceNumber": 751,
    "isAvailable": true,
    "inPromo": false,
    "topCategoryName": "Boissons",
    "topCategoryId": "354",
    "categories": [
      {
        "name": "Boissons",
        "id": "354",
        "children": [
          {
            "name": "Boissons rafra\u00eechissantes",
            "id": "372",
            "children": [
              {
                "name": "Tonic",
                "id": "376"
              }
            ]
          }
        ]
      },
      {
        "name": "Boissons",
        "id": "354",
        "children": [
          {
            "name": "Alcools/Spiritueux",
            "id": "412",
            "children": [
              {
                "name": "Tonic",
                "id": "376"
              }
            ]
          }
        ]
      }
    ],
    "IsPrivateLabel": false,
    "amount": 0.8,
    "IsBiffe": false,
    "WeightconversionFactor": "0",
    "IsWeightArticle": false,
    "nutriscoreLabel": "E",
    "IsBio": false,
    "CountryOfOrigin": "ROYAUME-UNI",
    "IsExclusivelySoldInLuxembourg": false,
    "OrderUnit": "P",
    "ShortName": "FEV TREE INDI.TON.4X200",
    "IsNew": false,
    "amountUnit": "kg",
    "CountryOfOriginISO": "GB",
    "servings": {
      "source": "1.0",
      "parsedValue": 1
    },
    "ShowAlcoholLegalMsg": false,
    "LongName": "FEVER-TREE tonic Premium Indian 4x20cl",
    "RecentQuanityOfStockUnits": "6,1",
    "AlcoholVolume": "0",
    "FicCode": "E"
  },
  {
    "technicalArticleNumber": "3087943",
    "commercialArticleNumber": "41372",
    "gtin": [
      "05060108450539",
      "05060108450515",
      "05060108450508"
    ],
    "productId": "110239",
    "name": "tonic Mediterranean",
    "description": "*P\u00e9tillant\n*Quinine\n*Tonic \u00e9pic\u00e9",
    "brand": "FEVER-TREE",
    "seoBrand": "Fever-Tree",
    "thumbNail": "https://static.colruytgroup.com/images/200x200/std.lang.all/11/14/asset-3551114.jpg",
    "fullImage": "https://static.colruytgroup.com/images/500x500/std.lang.all/11/14/asset-3551114.jpg",
    "squareImage": "https://static.colruytgroup.com/images/500x500sq/std.lang.all/11/14/asset-3551114.jpg",
    "content": "4x20cl",
    "price": {
      "basicPrice": 5.49,
      "recommendedQuantity": "1.0",
      "measurementUnitPrice": 6.87,
      "measurementUnit": "L",
      "isRedPrice": false,
      "pricePerUOM": 6.87,
      "activationDate": "21-03-2025",
      "recordSource": "Offline",
      "isPromoActive": "N",
      "priceChangeCode": "H",
      "priceReason": "Reaction"
    },
    "isPriceAvailable": true,
    "channelAvailability": [
      "3_BE_STORE",
      "8_BE_STORE",
      "8_LU_STORE",
      "8_BE_COLLECT_NEXT_DAY",
      "8_BE_HOME_DELIVERY",
      "8_BE_HOME_DELIVERY_DRIVER"
    ],
    "businessDomain": "RETAIL_BE",
    "walkRouteSequenceNumber": 750,
    "isAvailable": true,
    "inPromo": false,
    "topCategoryName": "Boissons",
    "topCategoryId": "354",
    "categories": [
      {
        "name": "Boissons",
        "id": "354",
        "children": [
          {
            "name": "Boissons rafra\u00eechissantes",
            "id": "372",
            "children": [
              {
                "name": "Tonic",
                "id": "376"
              }
            ]
          }
        ]
      },
      {
        "name": "Boissons",
        "id": "354",
        "children": [
          {
            "name": "Alcools/Spiritueux",
            "id": "412",
            "children": [
              {
                "name": "Tonic",
                "id": "376"
              }
            ]
          }
        ]
      }
    ],
    "IsPrivateLabel": false,
    "amount": 0.8,
    "IsBiffe": false,
    "WeightconversionFactor": "0",
    "IsWeightArticle": false,
    "nutriscoreLabel": "D",
    "IsBio": false,
    "CountryOfOrigin": "ROYAUME-UNI",
    "IsExclusivelySoldInLuxembourg": false,
    "OrderUnit": "P",
    "ShortName": "FEV TREE MED.TON.4X200",
    "IsNew": false,
    "amountUnit": "kg",
    "CountryOfOriginISO": "GB",
    "servings": {
      "source": "1.0",
      "parsedValue": 1
    },
    "ShowAlcoholLegalMsg": false,
    "LongName": "FEVER-TREE tonic Mediterranean 4x20cl",
    "RecentQuanityOfStockUnits": "1,6",
    "AlcoholVolume": "0",
    "FicCode": "E"
  },
  {
    "technicalArticleNumber": "3666486",
    "commercialArticleNumber": "21846",
    "gtin": [
      "05060108450348",
      "05060108450355",
      "05060108450379"
    ],
    "productId": "282352",
    "name": "Ginger Beer",
    "description": "*Premium Mixer\n*Go\u00fbt: gingembre\n*Sans alcool",
    "brand": "FEVER-TREE",
    "seoBrand": "Fever-Tree",
    "thumbNail": "https://static.colruytgroup.com/images/200x200/std.lang.all/11/10/asset-3551110.jpg",
    "fullImage": "https://static.colruytgroup.com/images/500x500/std.lang.all/11/10/asset-3551110.jpg",
    "squareImage": "https://static.colruytgroup.com/images/500x500sq/std.lang.all/11/10/asset-3551110.jpg",
    "content": "4x20cl",
    "price": {
      "basicPrice": 5.49,
      "recommendedQuantity": "1.0",
      "measurementUnitPrice": 6.87,
      "measurementUnit": "L",
      "isRedPrice": false,
      "pricePerUOM": 6.87,
      "activationDate": "29-11-2024",
      "recordSource": "Offline",
      "isPromoActive": "N",
      "priceChangeCode": "H",
      "priceReason": "Reaction"
    },
    "isPriceAvailable": true,
    "channelAvailability": [
      "3_BE_STORE",
      "8_BE_STORE",
      "8_LU_STORE",
      "8_BE_COLLECT_NEXT_DAY",
      "8_BE_HOME_DELIVERY",
      "8_BE_HOME_DELIVERY_DRIVER"
    ],
    "businessDomain": "RETAIL_BE",
    "walkRouteSequenceNumber": 858,
    "isAvailable": true,
    "inPromo": false,
    "topCategoryName": "Boissons",
    "topCategoryId": "354",
    "categories": [
      {
        "name": "Boissons",
        "id": "354",
        "children": [
          {
            "name": "Boissons rafra\u00eechissantes",
            "id": "372",
            "children": [
              {
                "name": "Tonic",
                "id": "376"
              }
            ]
          }
        ]
      },
      {
        "name": "Boissons",
        "id": "354",
        "children": [
          {
            "name": "Alcools/Spiritueux",
            "id": "412",
            "children": [
              {
                "name": "Tonic",
                "id": "376"
              }
            ]
          }
        ]
      }
    ],
    "IsPrivateLabel": false,
    "amount": 0.8,
    "IsBiffe": false,
    "WeightconversionFactor": "0",
    "IsWeightArticle": false,
    "nutriscoreLabel": "E",
    "IsBio": false,
    "CountryOfOrigin": "ROYAUME-UNI",
    "IsExclusivelySoldInLuxembourg": false,
    "OrderUnit": "P",
    "ShortName": "FEVT GINGER BEER4X200ML",
    "IsNew": false,
    "amountUnit": "kg",
    "CountryOfOriginISO": "GB",
    "ShowAlcoholLegalMsg": false,
    "LongName": "FEVER-TREE Ginger Beer 4x20cl",
    "RecentQuanityOfStockUnits": "1,6",
    "AlcoholVolume": "0",
    "FicCode": "E"
  },
  {
    "technicalArticleNumber": "3502659",
    "commercialArticleNumber": "12585",
    "gtin": [
      "05410221205873",
      "05410221107559",
      "05410221308611",
      "05410221106453",
      "05410221205330",
      "00000054004412"
    ],
    "productId": "216063",
    "name": "Tonic & Hibiscus",
    "description": "*Go\u00fbt: hibiscus\n*P\u00e9tillant\n*Tonic floral",
    "brand": "SCHWEPPES",
    "seoBrand": "Schweppes",
    "thumbNail": "https://static.colruytgroup.com/images/200x200/std.lang.all/26/20/asset-3222620.jpg",
    "fullImage": "https://static.colruytgroup.com/images/500x500/std.lang.all/26/20/asset-3222620.jpg",
    "squareImage": "https://static.colruytgroup.com/images/500x500sq/std.lang.all/26/20/asset-3222620.jpg",
    "content": "4x20cl",
    "price": {
      "basicPrice": 6.09,
      "recommendedQuantity": "1.0",
      "quantityPrice": 5.85,
      "quantityPriceQuantity": "3.0",
      "measurementUnitPrice": 7.62,
      "measurementUnitQuantityPrice": 7.32,
      "measurementUnit": "L",
      "isRedPrice": false,
      "pricePerUOM": 7.62,
      "activationDate": "12-05-2025",
      "recordSource": "Offline",
      "isPromoActive": "N",
      "priceChangeCode": "E",
      "quantityPricePerUOM": 7.32,
      "quantityActivationDate": "12-05-2025",
      "quantityPriceChangeCode": "H",
      "priceReason": "Reaction"
    },
    "isPriceAvailable": true,
    "channelAvailability": [
      "3_BE_STORE",
      "8_BE_STORE",
      "8_LU_STORE",
      "8_BE_COLLECT_NEXT_DAY",
      "8_BE_HOME_DELIVERY",
      "8_BE_HOME_DELIVERY_DRIVER"
    ],
    "businessDomain": "RETAIL_BE",
    "walkRouteSequenceNumber": 743,
    "isAvailable": true,
    "inPromo": false,
    "topCategoryName": "Boissons",
    "topCategoryId": "354",
    "categories": [
      {
        "name": "Boissons",
        "id": "354",
        "children": [
          {
            "name": "Boissons rafra\u00eechissantes",
            "id": "372",
            "children": [
              {
                "name": "Tonic",
                "id": "376"
              }
            ]
          }
        ]
      },
      {
        "name": "Boissons",
        "id": "354",
        "children": [
          {
            "name": "Alcools/Spiritueux",
            "id": "412",
            "children": [
              {
                "name": "Tonic",
                "id": "376"
              }
            ]
          }
        ]
      }
    ],
    "IsPrivateLabel": false,
    "amount": 0.8,
    "IsBiffe": false,
    "WeightconversionFactor": "0",
    "IsWeightArticle": false,
    "nutriscoreLabel": "D",
    "IsBio": false,
    "CountryOfOrigin": "ESPAGNE",
    "IsExclusivelySoldInLuxembourg": false,
    "OrderUnit": "P",
    "ShortName": "SCHW TONI.HIBISCUS4X20C",
    "IsNew": false,
    "amountUnit": "kg",
    "CountryOfOriginISO": "ES",
    "servings": {
      "source": "1.0",
      "parsedValue": 1
    },
    "ShowAlcoholLegalMsg": false,
    "LongName": "SCHWEPPES Tonic & Hibiscus 4x20cl",
    "RecentQuanityOfStockUnits": "1,6",
    "AlcoholVolume": "0",
    "FicCode": "E"
  },
  {
    "technicalArticleNumber": "3700501",
    "commercialArticleNumber": "10534",
    "gtin": [
      "08004730000028",
      "08007063124638"
    ],
    "productId": "293348",
    "name": "Vecchioflorio Marsala 18%",
    "description": "*Vin de liqueur\n*Affin\u00e9 30 mois\n*18,0 % vol",
    "brand": "FLORIO",
    "seoBrand": "Florio",
    "thumbNail": "https://static.colruytgroup.com/images/200x200/std.lang.all/72/45/asset-1317245.jpg",
    "fullImage": "https://static.colruytgroup.com/images/500x500/std.lang.all/72/45/asset-1317245.jpg",
    "squareImage": "https://static.colruytgroup.com/images/500x500sq/std.lang.all/72/45/asset-1317245.jpg",
    "content": "75cl",
    "price": {
      "basicPrice": 7.49,
      "recommendedQuantity": "1.0",
      "measurementUnitPrice": 9.99,
      "measurementUnit": "L",
      "isRedPrice": false,
      "pricePerUOM": 9.99,
      "activationDate": "18-12-2024",
      "recordSource": "Offline",
      "isPromoActive": "N",
      "priceChangeCode": "E",
      "priceReason": "Reaction"
    },
    "isPriceAvailable": true,
    "channelAvailability": [
      "8_BE_STORE",
      "8_LU_STORE",
      "8_BE_COLLECT_NEXT_DAY",
      "8_BE_HOME_DELIVERY_DRIVER"
    ],
    "businessDomain": "RETAIL_BE",
    "walkRouteSequenceNumber": 670,
    "isAvailable": true,
    "inPromo": false,
    "topCategoryName": "Boissons",
    "topCategoryId": "354",
    "categories": [
      {
        "name": "Boissons",
        "id": "354",
        "children": [
          {
            "name": "Alcools/Spiritueux",
            "id": "412",
            "children": [
              {
                "name": "Liqueurs",
                "id": "419"
              }
            ]
          }
        ]
      }
    ],
    "IsPrivateLabel": false,
    "amount": 0.75,
    "IsBiffe": false,
    "WeightconversionFactor": "0",
    "IsWeightArticle": false,
    "IsBio": false,
    "CountryOfOrigin": "ITALIE",
    "IsExclusivelySoldInLuxembourg": false,
    "OrderUnit": "P",
    "ShortName": "FLOR VECCHIOF.MARS.75CL",
    "AlcoholDisclaimermsg": true,
    "IsNew": false,
    "amountUnit": "kg",
    "CountryOfOriginISO": "IT",
    "EcoscoreLabel": "D",
    "ShowAlcoholLegalMsg": true,
    "LongName": "FLORIO Vecchioflorio Marsala 18% 75cl",
    "RecentQuanityOfStockUnits": "1",
    "AlcoholVolume": "18",
    "FicCode": "E",
    "EcoscoreValue": "22"
  },
  {
    "technicalArticleNumber": "2277729",
    "commercialArticleNumber": "4386",
    "gtin": [
      "08714432100284",
      "08714432000409",
      "00000087296020",
      "08714432000010",
      "05400141004908"
    ],
    "productId": "57903",
    "name": "10%vol",
    "description": "*Ready to drink\n*Pr\u00eat \u00e0 l'emploi\n*10,0 % vol",
    "brand": "FL\u00dcGEL",
    "seoBrand": "Fl\u00fcgel",
    "thumbNail": "https://static.colruytgroup.com/images/200x200/std.lang.all/43/87/asset-1464387.jpg",
    "fullImage": "https://static.colruytgroup.com/images/500x500/std.lang.all/43/87/asset-1464387.jpg",
    "squareImage": "https://static.colruytgroup.com/images/500x500sq/std.lang.all/43/87/asset-1464387.jpg",
    "content": "10x2cl",
    "price": {
      "basicPrice": 7.99,
      "recommendedQuantity": "1.0",
      "measurementUnitPrice": 39.95,
      "measurementUnit": "L",
      "isRedPrice": false,
      "pricePerUOM": 39.95,
      "activationDate": "23-10-2024",
      "recordSource": "Offline",
      "isPromoActive": "N",
      "priceChangeCode": "E",
      "priceReason": "Reaction"
    },
    "isPriceAvailable": true,
    "channelAvailability": [
      "8_BE_STORE",
      "8_BE_COLLECT_NEXT_DAY",
      "8_BE_HOME_DELIVERY",
      "8_BE_HOME_DELIVERY_DRIVER"
    ],
    "businessDomain": "RETAIL_BE",
    "walkRouteSequenceNumber": 756,
    "isAvailable": true,
    "inPromo": false,
    "topCategoryName": "Boissons",
    "topCategoryId": "354",
    "categories": [
      {
        "name": "Boissons",
        "id": "354",
        "children": [
          {
            "name": "Alcools/Spiritueux",
            "id": "412",
            "children": [
              {
                "name": "Vodka",
                "id": "418"
              }
            ]
          }
        ]
      }
    ],
    "IsPrivateLabel": false,
    "amount": 0.2,
    "IsBiffe": false,
    "WeightconversionFactor": "0",
    "IsWeightArticle": false,
    "IsBio": false,
    "CountryOfOrigin": "PAYS-BAS",
    "IsExclusivelySoldInLuxembourg": false,
    "OrderUnit": "P",
    "ShortName": "FLUGEL 10X2CL",
    "AlcoholDisclaimermsg": true,
    "IsNew": false,
    "amountUnit": "kg",
    "CountryOfOriginISO": "NL",
    "EcoscoreLabel": "D",
    "ShowAlcoholLegalMsg": true,
    "LongName": "FL\u00dcGEL 10%vol 10x2cl",
    "RecentQuanityOfStockUnits": "1,12",
    "AlcoholVolume": "10",
    "FicCode": "E",
    "EcoscoreValue": "38"
  },
  {
    "technicalArticleNumber": "3965199",
    "commercialArticleNumber": "2760",
    "gtin": [
      "15400141072249",
      "05400141072242"
    ],
    "productId": "461394",
    "name": "Avocat 14%",
    "description": "*14% vol\n*Advocaat",
    "brand": "MARIE GALANTE",
    "seoBrand": "Marie Galante",
    "thumbNail": "https://static.colruytgroup.com/images/200x200/std.lang.all/64/42/asset-1746442.jpg",
    "fullImage": "https://static.colruytgroup.com/images/500x500/std.lang.all/64/42/asset-1746442.jpg",
    "squareImage": "https://static.colruytgroup.com/images/500x500sq/std.lang.all/64/42/asset-1746442.jpg",
    "content": "70cl",
    "price": {
      "basicPrice": 8.38,
      "recommendedQuantity": "1.0",
      "measurementUnitPrice": 11.98,
      "measurementUnit": "L",
      "isRedPrice": false,
      "pricePerUOM": 11.98,
      "activationDate": "03-05-2025",
      "recordSource": "Offline",
      "isPromoActive": "N",
      "priceChangeCode": "E",
      "priceReason": "Reaction"
    },
    "isPriceAvailable": true,
    "channelAvailability": [
      "8_BE_STORE",
      "8_LU_STORE",
      "8_BE_COLLECT_NEXT_DAY",
      "8_BE_HOME_DELIVERY",
      "8_BE_HOME_DELIVERY_DRIVER"
    ],
    "businessDomain": "RETAIL_BE",
    "walkRouteSequenceNumber": 914,
    "isAvailable": true,
    "inPromo": false,
    "topCategoryName": "Boissons",
    "topCategoryId": "354",
    "categories": [
      {
        "name": "Boissons",
        "id": "354",
        "children": [
          {
            "name": "Alcools/Spiritueux",
            "id": "412",
            "children": [
              {
                "name": "Cr\u00e8mes",
                "id": "420"
              }
            ]
          }
        ]
      }
    ],
    "IsPrivateLabel": true,
    "amount": 0.7,
    "IsBiffe": false,
    "WeightconversionFactor": "0",
    "IsWeightArticle": false,
    "IsBio": false,
    "CountryOfOrigin": "PAYS-BAS",
    "IsExclusivelySoldInLuxembourg": false,
    "OrderUnit": "P",
    "ShortName": "MAGA AVOCAT 14% 70CL",
    "AlcoholDisclaimermsg": true,
    "IsNew": false,
    "amountUnit": "kg",
    "CountryOfOriginISO": "NL",
    "EcoscoreLabel": "C",
    "ShowAlcoholLegalMsg": true,
    "LongName": "MARIE GALANTE Avocat 14% 70cl",
    "RecentQuanityOfStockUnits": "1,6",
    "AlcoholVolume": "14",
    "FicCode": "I",
    "EcoscoreValue": "50"
  },
  {
    "technicalArticleNumber": "3104378",
    "commercialArticleNumber": "43230",
    "gtin": [
      "08002374001326",
      "08002374600956"
    ],
    "productId": "101858",
    "name": "Amaretto 25%",
    "description": "*Liqueur\n*Digestif\n*25,0 % vol",
    "brand": "SAN GIORGIO",
    "seoBrand": "San Giorgio",
    "thumbNail": "https://static.colruytgroup.com/images/200x200/std.lang.all/37/45/asset-553745.jpg",
    "fullImage": "https://static.colruytgroup.com/images/500x500/std.lang.all/37/45/asset-553745.jpg",
    "squareImage": "https://static.colruytgroup.com/images/500x500sq/std.lang.all/37/45/asset-553745.jpg",
    "content": "70cl",
    "price": {
      "basicPrice": 8.99,
      "recommendedQuantity": "1.0",
      "measurementUnitPrice": 12.85,
      "measurementUnit": "L",
      "isRedPrice": false,
      "pricePerUOM": 12.85,
      "activationDate": "27-02-2025",
      "recordSource": "Offline",
      "isPromoActive": "N",
      "priceChangeCode": "E",
      "priceReason": "Reaction"
    },
    "isPriceAvailable": true,
    "channelAvailability": [
      "3_BE_STORE",
      "8_BE_STORE",
      "8_LU_STORE",
      "8_BE_COLLECT_NEXT_DAY",
      "8_BE_HOME_DELIVERY",
      "8_BE_HOME_DELIVERY_DRIVER"
    ],
    "businessDomain": "RETAIL_BE",
    "walkRouteSequenceNumber": 923,
    "isAvailable": true,
    "inPromo": false,
    "topCategoryName": "Boissons",
    "topCategoryId": "354",
    "categories": [
      {
        "name": "Boissons",
        "id": "354",
        "children": [
          {
            "name": "Alcools/Spiritueux",
            "id": "412",
            "children": [
              {
                "name": "Liqueurs",
                "id": "419"
              }
            ]
          }
        ]
      }
    ],
    "IsPrivateLabel": false,
    "amount": 0.7,
    "IsBiffe": false,
    "WeightconversionFactor": "0",
    "IsWeightArticle": false,
    "IsBio": false,
    "CountryOfOrigin": "BELGIQUE",
    "IsExclusivelySoldInLuxembourg": false,
    "OrderUnit": "P",
    "ShortName": "AM. SAN GIORGIO 70C 25",
    "AlcoholDisclaimermsg": true,
    "IsNew": false,
    "amountUnit": "kg",
    "CountryOfOriginISO": "BE",
    "ShowAlcoholLegalMsg": true,
    "LongName": "SAN GIORGIO Amaretto 25% 70cl",
    "RecentQuanityOfStockUnits": "1,6",
    "AlcoholVolume": "25",
    "FicCode": "E"
  },
  {
    "technicalArticleNumber": "3965219",
    "commercialArticleNumber": "2771",
    "gtin": [
      "05400141072259",
      "15400141072256",
      "15400141856443",
      "05400141856446"
    ],
    "productId": "427223",
    "name": "genievre de pomme 20%",
    "description": "*20 % vol",
    "brand": "MARIE GALANTE",
    "seoBrand": "Marie Galante",
    "thumbNail": "https://static.colruytgroup.com/images/200x200/std.lang.all/20/56/asset-1882056.jpg",
    "fullImage": "https://static.colruytgroup.com/images/500x500/std.lang.all/20/56/asset-1882056.jpg",
    "squareImage": "https://static.colruytgroup.com/images/500x500sq/std.lang.all/20/56/asset-1882056.jpg",
    "content": "70cl",
    "price": {
      "basicPrice": 9.79,
      "recommendedQuantity": "1.0",
      "measurementUnitPrice": 13.99,
      "measurementUnit": "L",
      "isRedPrice": false,
      "pricePerUOM": 13.99,
      "activationDate": "10-11-2023",
      "isPromoActive": "N",
      "priceChangeCode": "E",
      "priceReason": "FALLBACK"
    },
    "isPriceAvailable": true,
    "channelAvailability": [
      "8_BE_STORE",
      "8_LU_STORE",
      "8_BE_COLLECT_NEXT_DAY",
      "8_BE_HOME_DELIVERY",
      "8_BE_HOME_DELIVERY_DRIVER"
    ],
    "businessDomain": "RETAIL_BE",
    "walkRouteSequenceNumber": 894,
    "isAvailable": true,
    "inPromo": false,
    "topCategoryName": "Boissons",
    "topCategoryId": "354",
    "categories": [
      {
        "name": "Boissons",
        "id": "354",
        "children": [
          {
            "name": "Alcools/Spiritueux",
            "id": "412",
            "children": [
              {
                "name": "Geni\u00e8vre",
                "id": "416"
              }
            ]
          }
        ]
      }
    ],
    "IsPrivateLabel": true,
    "amount": 0.7,
    "IsBiffe": false,
    "WeightconversionFactor": "0",
    "IsWeightArticle": false,
    "IsBio": false,
    "CountryOfOrigin": "BELGIQUE",
    "IsExclusivelySoldInLuxembourg": false,
    "OrderUnit": "P",
    "ShortName": "MAGA GEN.DE POMME 70CL",
    "AlcoholDisclaimermsg": true,
    "IsNew": false,
    "amountUnit": "kg",
    "CountryOfOriginISO": "BE",
    "EcoscoreLabel": "C",
    "ShowAlcoholLegalMsg": true,
    "LongName": "MARIE GALANTE genievre de pomme 20% 70cl",
    "RecentQuanityOfStockUnits": "1,6",
    "AlcoholVolume": "19.7",
    "FicCode": "I",
    "EcoscoreValue": "51"
  },
  {
    "technicalArticleNumber": "18754",
    "commercialArticleNumber": "18754",
    "gtin": [
      "05400141088755",
      "05400141014006",
      "15400141088752",
      "15400141187554",
      "15400141014003"
    ],
    "productId": "1367",
    "name": "London Dry Gin 38%",
    "description": "*Base pour cocktail\n*Indian Tonic\n*Garn. citron\n*Belgique",
    "brand": "EVERYDAY",
    "seoBrand": "Everyday",
    "thumbNail": "https://static.colruytgroup.com/images/200x200/std.lang.all/32/49/asset-1913249.jpg",
    "fullImage": "https://static.colruytgroup.com/images/500x500/std.lang.all/32/49/asset-1913249.jpg",
    "squareImage": "https://static.colruytgroup.com/images/500x500sq/std.lang.all/32/49/asset-1913249.jpg",
    "content": "70cl",
    "price": {
      "basicPrice": 10.99,
      "recommendedQuantity": "1.0",
      "measurementUnitPrice": 15.7,
      "measurementUnit": "L",
      "isRedPrice": false,
      "pricePerUOM": 15.7,
      "activationDate": "27-02-2025",
      "recordSource": "Offline",
      "isPromoActive": "N",
      "priceChangeCode": "E",
      "priceReason": "Reaction"
    },
    "isPriceAvailable": true,
    "channelAvailability": [
      "3_BE_STORE",
      "8_BE_STORE",
      "8_LU_STORE",
      "8_BE_COLLECT_NEXT_DAY",
      "8_BE_HOME_DELIVERY",
      "8_BE_HOME_DELIVERY_DRIVER"
    ],
    "businessDomain": "RETAIL_BE",
    "walkRouteSequenceNumber": 723,
    "isAvailable": true,
    "inPromo": false,
    "topCategoryName": "Boissons",
    "topCategoryId": "354",
    "categories": [
      {
        "name": "Boissons",
        "id": "354",
        "children": [
          {
            "name": "Alcools/Spiritueux",
            "id": "412",
            "children": [
              {
                "name": "Gin",
                "id": "1555"
              }
            ]
          }
        ]
      }
    ],
    "IsPrivateLabel": true,
    "amount": 0.7,
    "IsBiffe": false,
    "WeightconversionFactor": "0",
    "IsWeightArticle": false,
    "IsBio": false,
    "CountryOfOrigin": "BELGIQUE",
    "IsExclusivelySoldInLuxembourg": false,
    "OrderUnit": "P",
    "ShortName": "EVERYDAY GIN 38% 70CL",
    "AlcoholDisclaimermsg": true,
    "IsNew": false,
    "amountUnit": "kg",
    "CountryOfOriginISO": "BE",
    "EcoscoreLabel": "C",
    "ShowAlcoholLegalMsg": true,
    "LongName": "EVERYDAY London Dry Gin 38% 70cl",
    "RecentQuanityOfStockUnits": "12,1",
    "AlcoholVolume": "37.7",
    "FicCode": "I",
    "EcoscoreValue": "51"
  },
  {
    "technicalArticleNumber": "18808",
    "commercialArticleNumber": "18808",
    "gtin": [
      "05400141070101",
      "05400141184976",
      "05400141185102"
    ],
    "productId": "1369",
    "name": "vodka 37,5%",
    "description": "*Vodka\n*Base pour cocktail\n*37,5 % vol",
    "brand": "EVERYDAY",
    "seoBrand": "Everyday",
    "thumbNail": "https://static.colruytgroup.com/images/200x200/std.lang.all/60/42/asset-1586042.jpg",
    "fullImage": "https://static.colruytgroup.com/images/500x500/std.lang.all/60/42/asset-1586042.jpg",
    "squareImage": "https://static.colruytgroup.com/images/500x500sq/std.lang.all/60/42/asset-1586042.jpg",
    "content": "70cl",
    "price": {
      "basicPrice": 10.99,
      "recommendedQuantity": "1.0",
      "measurementUnitPrice": 15.7,
      "measurementUnit": "L",
      "isRedPrice": false,
      "pricePerUOM": 15.7,
      "activationDate": "08-03-2025",
      "recordSource": "Offline",
      "isPromoActive": "N",
      "priceChangeCode": "L",
      "priceReason": "Reaction"
    },
    "isPriceAvailable": true,
    "channelAvailability": [
      "3_BE_STORE",
      "8_BE_STORE",
      "8_LU_STORE",
      "8_BE_COLLECT_NEXT_DAY",
      "8_BE_HOME_DELIVERY",
      "8_BE_HOME_DELIVERY_DRIVER"
    ],
    "businessDomain": "RETAIL_BE",
    "walkRouteSequenceNumber": 818,
    "isAvailable": true,
    "inPromo": false,
    "topCategoryName": "Boissons",
    "topCategoryId": "354",
    "categories": [
      {
        "name": "Boissons",
        "id": "354",
        "children": [
          {
            "name": "Alcools/Spiritueux",
            "id": "412",
            "children": [
              {
                "name": "Vodka",
                "id": "418"
              }
            ]
          }
        ]
      }
    ],
    "IsPrivateLabel": true,
    "amount": 0.7,
    "IsBiffe": false,
    "WeightconversionFactor": "0",
    "IsWeightArticle": false,
    "IsBio": false,
    "CountryOfOrigin": "BELGIQUE",
    "IsExclusivelySoldInLuxembourg": false,
    "OrderUnit": "P",
    "ShortName": "EVD VODKA 37.5% 70CL",
    "AlcoholDisclaimermsg": true,
    "IsNew": false,
    "amountUnit": "kg",
    "CountryOfOriginISO": "BE",
    "EcoscoreLabel": "C",
    "ShowAlcoholLegalMsg": true,
    "LongName": "EVERYDAY vodka 37,5% 70cl",
    "RecentQuanityOfStockUnits": "6,1",
    "AlcoholVolume": "37.5",
    "FicCode": "I",
    "EcoscoreValue": "50"
  },
  {
    "technicalArticleNumber": "18832",
    "commercialArticleNumber": "18832",
    "gtin": [
      "15400141286479",
      "05400141324310",
      "05400141014419",
      "05400141088748",
      "05400141286472"
    ],
    "productId": "1374",
    "name": "rhum blanc 37,5%",
    "description": "*Rhum blanc\n*Rhum traditionnel",
    "brand": "EVERYDAY",
    "seoBrand": "Everyday",
    "thumbNail": "https://static.colruytgroup.com/images/200x200/std.lang.all/52/22/asset-2825222.jpg",
    "fullImage": "https://static.colruytgroup.com/images/500x500/std.lang.all/52/22/asset-2825222.jpg",
    "squareImage": "https://static.colruytgroup.com/images/500x500sq/std.lang.all/52/22/asset-2825222.jpg",
    "content": "70cl",
    "price": {
      "basicPrice": 11.49,
      "recommendedQuantity": "1.0",
      "measurementUnitPrice": 16.42,
      "measurementUnit": "L",
      "isRedPrice": false,
      "pricePerUOM": 16.42,
      "activationDate": "11-03-2025",
      "recordSource": "Offline",
      "isPromoActive": "N",
      "priceChangeCode": "E",
      "priceReason": "Reaction"
    },
    "isPriceAvailable": true,
    "channelAvailability": [
      "3_BE_STORE",
      "8_BE_STORE",
      "8_LU_STORE",
      "8_BE_COLLECT_NEXT_DAY",
      "8_BE_HOME_DELIVERY",
      "8_BE_HOME_DELIVERY_DRIVER"
    ],
    "businessDomain": "RETAIL_BE",
    "walkRouteSequenceNumber": 784,
    "isAvailable": true,
    "inPromo": false,
    "topCategoryName": "Boissons",
    "topCategoryId": "354",
    "categories": [
      {
        "name": "Boissons",
        "id": "354",
        "children": [
          {
            "name": "Alcools/Spiritueux",
            "id": "412",
            "children": [
              {
                "name": "Rhum",
                "id": "1554"
              }
            ]
          }
        ]
      }
    ],
    "IsPrivateLabel": true,
    "amount": 0.7,
    "IsBiffe": false,
    "WeightconversionFactor": "0",
    "IsWeightArticle": false,
    "IsBio": false,
    "CountryOfOrigin": "SWAZILAND",
    "IsExclusivelySoldInLuxembourg": false,
    "OrderUnit": "P",
    "ShortName": "EVD RHUM BL.37.5%.70CL",
    "AlcoholDisclaimermsg": true,
    "IsNew": false,
    "amountUnit": "kg",
    "CountryOfOriginISO": "SZ",
    "EcoscoreLabel": "C",
    "ShowAlcoholLegalMsg": true,
    "LongName": "EVERYDAY rhum blanc 37,5% 70cl",
    "RecentQuanityOfStockUnits": "6,1",
    "AlcoholVolume": "37.5",
    "FicCode": "I",
    "EcoscoreValue": "51"
  },
  {
    "technicalArticleNumber": "3231096",
    "commercialArticleNumber": "1782",
    "gtin": [
      "15410293041284",
      "15410293053522",
      "05410293053525",
      "15410293041222"
    ],
    "productId": "126011",
    "name": "geni\u00e8vre violet 14,9%",
    "description": "*Geni\u00e8vre\n*14,9 % vol\n*Go\u00fbt: violette",
    "brand": "PETERMAN",
    "seoBrand": "Peterman",
    "thumbNail": "https://static.colruytgroup.com/images/200x200/std.lang.all/19/51/asset-2271951.jpg",
    "fullImage": "https://static.colruytgroup.com/images/500x500/std.lang.all/19/51/asset-2271951.jpg",
    "squareImage": "https://static.colruytgroup.com/images/500x500sq/std.lang.all/19/51/asset-2271951.jpg",
    "content": "70cl",
    "price": {
      "basicPrice": 11.99,
      "recommendedQuantity": "1.0",
      "measurementUnitPrice": 17.13,
      "measurementUnit": "L",
      "isRedPrice": false,
      "pricePerUOM": 17.13,
      "activationDate": "06-05-2025",
      "recordSource": "Offline",
      "isPromoActive": "N",
      "priceChangeCode": "E",
      "priceReason": "Reaction"
    },
    "isPriceAvailable": true,
    "channelAvailability": [
      "8_BE_STORE",
      "8_LU_STORE",
      "8_BE_COLLECT_NEXT_DAY",
      "8_BE_HOME_DELIVERY_DRIVER"
    ],
    "businessDomain": "RETAIL_BE",
    "walkRouteSequenceNumber": 885,
    "isAvailable": true,
    "inPromo": false,
    "topCategoryName": "Boissons",
    "topCategoryId": "354",
    "categories": [
      {
        "name": "Boissons",
        "id": "354",
        "children": [
          {
            "name": "Alcools/Spiritueux",
            "id": "412",
            "children": [
              {
                "name": "Geni\u00e8vre",
                "id": "416"
              }
            ]
          }
        ]
      }
    ],
    "IsPrivateLabel": false,
    "amount": 0.7,
    "IsBiffe": false,
    "WeightconversionFactor": "0",
    "IsWeightArticle": false,
    "IsBio": false,
    "CountryOfOrigin": "BELGIQUE",
    "IsExclusivelySoldInLuxembourg": false,
    "OrderUnit": "P",
    "ShortName": "PETER. VIOLET 70C 14.9",
    "AlcoholDisclaimermsg": true,
    "IsNew": false,
    "amountUnit": "kg",
    "CountryOfOriginISO": "BE",
    "EcoscoreLabel": "D",
    "ShowAlcoholLegalMsg": true,
    "LongName": "PETERMAN geni\u00e8vre violet 14,9% 70cl",
    "RecentQuanityOfStockUnits": "1",
    "AlcoholVolume": "14.9",
    "FicCode": "E",
    "EcoscoreValue": "38"
  },
  {
    "technicalArticleNumber": "3231104",
    "commercialArticleNumber": "1528",
    "gtin": [
      "05410293053624",
      "15410293053621",
      "15410293041420",
      "15410293041468"
    ],
    "productId": "126109",
    "name": "Geni\u00e8vre cuberdon 14,9%",
    "description": "*Geni\u00e8vre\n*14,9% vol\n*Go\u00fbt : cuberdon",
    "brand": "PETERMAN",
    "seoBrand": "Peterman",
    "thumbNail": "https://static.colruytgroup.com/images/200x200/std.lang.all/21/04/asset-2272104.jpg",
    "fullImage": "https://static.colruytgroup.com/images/500x500/std.lang.all/21/04/asset-2272104.jpg",
    "squareImage": "https://static.colruytgroup.com/images/500x500sq/std.lang.all/21/04/asset-2272104.jpg",
    "content": "70cl",
    "price": {
      "basicPrice": 11.99,
      "recommendedQuantity": "1.0",
      "measurementUnitPrice": 17.13,
      "measurementUnit": "L",
      "isRedPrice": false,
      "pricePerUOM": 17.13,
      "activationDate": "24-04-2025",
      "recordSource": "Offline",
      "isPromoActive": "N",
      "priceChangeCode": "E",
      "priceReason": "Reaction"
    },
    "isPriceAvailable": true,
    "channelAvailability": [
      "8_BE_STORE",
      "8_LU_STORE",
      "8_BE_COLLECT_NEXT_DAY",
      "8_BE_HOME_DELIVERY_DRIVER"
    ],
    "businessDomain": "RETAIL_BE",
    "walkRouteSequenceNumber": 886,
    "isAvailable": true,
    "inPromo": false,
    "topCategoryName": "Boissons",
    "topCategoryId": "354",
    "categories": [
      {
        "name": "Boissons",
        "id": "354",
        "children": [
          {
            "name": "Alcools/Spiritueux",
            "id": "412",
            "children": [
              {
                "name": "Geni\u00e8vre",
                "id": "416"
              }
            ]
          }
        ]
      }
    ],
    "IsPrivateLabel": false,
    "amount": 0.7,
    "IsBiffe": false,
    "WeightconversionFactor": "0",
    "IsWeightArticle": false,
    "IsBio": false,
    "CountryOfOrigin": "BELGIQUE",
    "IsExclusivelySoldInLuxembourg": false,
    "OrderUnit": "P",
    "ShortName": "PETE CUBERDON14.9% 70CL",
    "AlcoholDisclaimermsg": true,
    "IsNew": false,
    "amountUnit": "kg",
    "CountryOfOriginISO": "BE",
    "EcoscoreLabel": "D",
    "ShowAlcoholLegalMsg": true,
    "LongName": "PETERMAN Geni\u00e8vre cuberdon 14,9% 70cl",
    "RecentQuanityOfStockUnits": "1,6",
    "AlcoholVolume": "14.9",
    "FicCode": "E",
    "EcoscoreValue": "38"
  },
  {
    "technicalArticleNumber": "3965256",
    "commercialArticleNumber": "2779",
    "gtin": [
      "15400141072317",
      "05400141072310"
    ],
    "productId": "465049",
    "name": "rhum brun 37,5%",
    "description": "*Rhum ambr\u00e9\n*Rhum traditionnel",
    "brand": "EVERYDAY",
    "seoBrand": "Everyday",
    "thumbNail": "https://static.colruytgroup.com/images/200x200/std.lang.all/94/87/asset-1639487.jpg",
    "fullImage": "https://static.colruytgroup.com/images/500x500/std.lang.all/94/87/asset-1639487.jpg",
    "squareImage": "https://static.colruytgroup.com/images/500x500sq/std.lang.all/94/87/asset-1639487.jpg",
    "content": "70cl",
    "price": {
      "basicPrice": 11.99,
      "recommendedQuantity": "1.0",
      "measurementUnitPrice": 17.13,
      "measurementUnit": "L",
      "isRedPrice": false,
      "pricePerUOM": 17.13,
      "activationDate": "27-02-2025",
      "recordSource": "Offline",
      "isPromoActive": "N",
      "priceChangeCode": "E",
      "priceReason": "Reaction"
    },
    "isPriceAvailable": true,
    "channelAvailability": [
      "3_BE_STORE",
      "8_BE_STORE",
      "8_LU_STORE",
      "8_BE_COLLECT_NEXT_DAY",
      "8_BE_HOME_DELIVERY",
      "8_BE_HOME_DELIVERY_DRIVER"
    ],
    "businessDomain": "RETAIL_BE",
    "walkRouteSequenceNumber": 806,
    "isAvailable": true,
    "inPromo": false,
    "topCategoryName": "Boissons",
    "topCategoryId": "354",
    "categories": [
      {
        "name": "Boissons",
        "id": "354",
        "children": [
          {
            "name": "Alcools/Spiritueux",
            "id": "412",
            "children": [
              {
                "name": "Rhum",
                "id": "1554"
              }
            ]
          }
        ]
      }
    ],
    "IsPrivateLabel": true,
    "amount": 0.7,
    "IsBiffe": false,
    "WeightconversionFactor": "0",
    "IsWeightArticle": false,
    "IsBio": false,
    "CountryOfOrigin": "BELGIQUE",
    "IsExclusivelySoldInLuxembourg": false,
    "OrderUnit": "P",
    "ShortName": "EVD RHUM BRUN 37.5%",
    "AlcoholDisclaimermsg": true,
    "IsNew": false,
    "amountUnit": "kg",
    "CountryOfOriginISO": "BE",
    "EcoscoreLabel": "B",
    "ShowAlcoholLegalMsg": true,
    "LongName": "EVERYDAY rhum brun 37,5% 70cl",
    "RecentQuanityOfStockUnits": "6,1",
    "AlcoholVolume": "37.5",
    "FicCode": "I",
    "EcoscoreValue": "73"
  },
  {
    "technicalArticleNumber": "3784505",
    "commercialArticleNumber": "18554",
    "gtin": [
      "05413467507008",
      "05413467506407",
      "05413467506391"
    ],
    "productId": "360052",
    "name": "liq.oeufs 14,9%",
    "description": "*Liqueur\n*14,9 % vol",
    "brand": "DEN OUDEN ADVOKAAT",
    "seoBrand": "Den Ouden Advokaat",
    "thumbNail": "https://static.colruytgroup.com/images/200x200/std.lang.all/77/18/asset-1417718.jpg",
    "fullImage": "https://static.colruytgroup.com/images/500x500/std.lang.all/77/18/asset-1417718.jpg",
    "squareImage": "https://static.colruytgroup.com/images/500x500sq/std.lang.all/77/18/asset-1417718.jpg",
    "content": "50cl",
    "price": {
      "basicPrice": 12.49,
      "recommendedQuantity": "1.0",
      "measurementUnitPrice": 24.98,
      "measurementUnit": "L",
      "isRedPrice": false,
      "pricePerUOM": 24.98,
      "activationDate": "18-12-2024",
      "isPromoActive": "N",
      "priceChangeCode": "H",
      "priceReason": "FALLBACK"
    },
    "isPriceAvailable": true,
    "channelAvailability": [
      "8_BE_STORE",
      "8_LU_STORE",
      "8_BE_COLLECT_NEXT_DAY",
      "8_BE_HOME_DELIVERY_DRIVER"
    ],
    "businessDomain": "RETAIL_BE",
    "walkRouteSequenceNumber": 915,
    "isAvailable": true,
    "inPromo": false,
    "topCategoryName": "Boissons",
    "topCategoryId": "354",
    "categories": [
      {
        "name": "Boissons",
        "id": "354",
        "children": [
          {
            "name": "Alcools/Spiritueux",
            "id": "412",
            "children": [
              {
                "name": "Cr\u00e8mes",
                "id": "420"
              }
            ]
          }
        ]
      }
    ],
    "IsPrivateLabel": false,
    "amount": 0.5,
    "IsBiffe": false,
    "WeightconversionFactor": "0",
    "IsWeightArticle": false,
    "IsBio": false,
    "CountryOfOrigin": "BELGIQUE",
    "IsExclusivelySoldInLuxembourg": false,
    "OrderUnit": "P",
    "ShortName": "OUDE LIQ.OEUF 14.9% 50C",
    "AlcoholDisclaimermsg": true,
    "IsNew": false,
    "amountUnit": "kg",
    "CountryOfOriginISO": "BE",
    "EcoscoreLabel": "C",
    "ShowAlcoholLegalMsg": true,
    "LongName": "DEN OUDEN ADVOKAAT liq.oeufs 14,9% 50cl",
    "RecentQuanityOfStockUnits": "1",
    "AlcoholVolume": "14.9",
    "FicCode": "E",
    "EcoscoreValue": "52"
  },
  {
    "technicalArticleNumber": "3843123",
    "commercialArticleNumber": "21407",
    "gtin": [
      "15400141185062",
      "05400141185065"
    ],
    "productId": "383483",
    "name": "Triple Sec 35%",
    "description": "*Liqueur\n*35,0 % vol",
    "brand": "MARIE GALANTE",
    "seoBrand": "Marie Galante",
    "thumbNail": "https://static.colruytgroup.com/images/200x200/std.lang.all/56/39/asset-1615639.jpg",
    "fullImage": "https://static.colruytgroup.com/images/500x500/std.lang.all/56/39/asset-1615639.jpg",
    "squareImage": "https://static.colruytgroup.com/images/500x500sq/std.lang.all/56/39/asset-1615639.jpg",
    "content": "70cl",
    "price": {
      "basicPrice": 12.49,
      "recommendedQuantity": "1.0",
      "measurementUnitPrice": 17.85,
      "measurementUnit": "L",
      "isRedPrice": false,
      "pricePerUOM": 17.85,
      "activationDate": "23-05-2025",
      "recordSource": "Offline",
      "isPromoActive": "N",
      "priceChangeCode": "H",
      "priceReason": "Reaction"
    },
    "isPriceAvailable": true,
    "channelAvailability": [
      "8_BE_STORE",
      "8_LU_STORE",
      "3_BE_STORE",
      "8_BE_COLLECT_NEXT_DAY",
      "8_BE_HOME_DELIVERY",
      "8_BE_HOME_DELIVERY_DRIVER"
    ],
    "businessDomain": "RETAIL_BE",
    "walkRouteSequenceNumber": 903,
    "isAvailable": true,
    "inPromo": false,
    "topCategoryName": "Boissons",
    "topCategoryId": "354",
    "categories": [
      {
        "name": "Boissons",
        "id": "354",
        "children": [
          {
            "name": "Alcools/Spiritueux",
            "id": "412",
            "children": [
              {
                "name": "Liqueurs",
                "id": "419"
              }
            ]
          }
        ]
      }
    ],
    "IsPrivateLabel": true,
    "amount": 0.7,
    "IsBiffe": false,
    "WeightconversionFactor": "0",
    "IsWeightArticle": false,
    "IsBio": false,
    "CountryOfOrigin": "BELGIQUE",
    "IsExclusivelySoldInLuxembourg": false,
    "OrderUnit": "P",
    "ShortName": "MAGA TRIPLE SEC 35% 70C",
    "AlcoholDisclaimermsg": true,
    "IsNew": false,
    "amountUnit": "kg",
    "CountryOfOriginISO": "BE",
    "EcoscoreLabel": "D",
    "ShowAlcoholLegalMsg": true,
    "LongName": "MARIE GALANTE Triple Sec 35% 70cl",
    "RecentQuanityOfStockUnits": "6,1",
    "AlcoholVolume": "35",
    "FicCode": "I",
    "EcoscoreValue": "30"
  },
  {
    "technicalArticleNumber": "19150",
    "commercialArticleNumber": "19150",
    "gtin": [
      "05410293032025",
      "15410293032022",
      "15410293032039"
    ],
    "productId": "1508",
    "name": "18,0%",
    "description": "*Liqueur\n*Digestif\n*18,0 % vol",
    "brand": "HASSELT KAFF\u00c9",
    "seoBrand": "Hasselt Kaff\u00e9 Smeets",
    "thumbNail": "https://static.colruytgroup.com/images/200x200/std.lang.all/07/38/asset-3660738.jpg",
    "fullImage": "https://static.colruytgroup.com/images/500x500/std.lang.all/07/38/asset-3660738.jpg",
    "squareImage": "https://static.colruytgroup.com/images/500x500sq/std.lang.all/07/38/asset-3660738.jpg",
    "content": "70cl",
    "price": {
      "basicPrice": 12.79,
      "recommendedQuantity": "1.0",
      "measurementUnitPrice": 18.28,
      "measurementUnit": "L",
      "isRedPrice": false,
      "pricePerUOM": 18.28,
      "activationDate": "09-04-2025",
      "recordSource": "Offline",
      "isPromoActive": "N",
      "priceChangeCode": "E",
      "priceReason": "Reaction"
    },
    "isPriceAvailable": true,
    "channelAvailability": [
      "8_BE_STORE",
      "8_LU_STORE",
      "3_BE_STORE",
      "8_BE_COLLECT_NEXT_DAY",
      "8_BE_HOME_DELIVERY_DRIVER"
    ],
    "businessDomain": "RETAIL_BE",
    "walkRouteSequenceNumber": 928,
    "isAvailable": true,
    "inPromo": false,
    "topCategoryName": "Boissons",
    "topCategoryId": "354",
    "categories": [
      {
        "name": "Boissons",
        "id": "354",
        "children": [
          {
            "name": "Alcools/Spiritueux",
            "id": "412",
            "children": [
              {
                "name": "Liqueurs",
                "id": "419"
              }
            ]
          }
        ]
      }
    ],
    "IsPrivateLabel": false,
    "amount": 0.7,
    "IsBiffe": false,
    "IsWeightArticle": false,
    "WeightconversionFactor": "0",
    "IsBio": false,
    "CountryOfOrigin": "BELGIQUE",
    "IsExclusivelySoldInLuxembourg": false,
    "OrderUnit": "P",
    "AlcoholDisclaimermsg": true,
    "InSeason": true,
    "ShortName": "HAKA 18% 70CL",
    "IsNew": false,
    "amountUnit": "kg",
    "CountryOfOriginISO": "BE",
    "EcoscoreLabel": "E",
    "ShowAlcoholLegalMsg": true,
    "LongName": "HASSELT KAFF\u00c9 18,0% 70cl",
    "RecentQuanityOfStockUnits": "1,6",
    "AlcoholVolume": "18",
    "StartSeasonDate": "11/09/2013",
    "FicCode": "E",
    "EcoscoreValue": "18"
  },
  {
    "technicalArticleNumber": "3473854",
    "commercialArticleNumber": "13826",
    "gtin": [
      "05400141392951",
      "15400141820475"
    ],
    "productId": "223391",
    "name": "Scotch Whisky 3Y 40%",
    "description": "*Scotch blend.whisky\n*\u00c9cosse",
    "brand": "EVERYDAY",
    "seoBrand": "Everyday",
    "thumbNail": "https://static.colruytgroup.com/images/200x200/std.lang.all/86/20/asset-3038620.jpg",
    "fullImage": "https://static.colruytgroup.com/images/500x500/std.lang.all/86/20/asset-3038620.jpg",
    "squareImage": "https://static.colruytgroup.com/images/500x500sq/std.lang.all/86/20/asset-3038620.jpg",
    "content": "70cl",
    "price": {
      "basicPrice": 12.99,
      "recommendedQuantity": "1.0",
      "measurementUnitPrice": 18.56,
      "measurementUnit": "L",
      "isRedPrice": false,
      "pricePerUOM": 18.56,
      "activationDate": "20-03-2025",
      "recordSource": "Offline",
      "isPromoActive": "N",
      "priceChangeCode": "L",
      "priceReason": "Reaction"
    },
    "isPriceAvailable": true,
    "channelAvailability": [
      "3_BE_STORE",
      "8_BE_STORE",
      "8_LU_STORE",
      "8_BE_COLLECT_NEXT_DAY",
      "8_BE_HOME_DELIVERY",
      "8_BE_HOME_DELIVERY_DRIVER"
    ],
    "businessDomain": "RETAIL_BE",
    "walkRouteSequenceNumber": 845,
    "isAvailable": true,
    "inPromo": false,
    "topCategoryName": "Boissons",
    "topCategoryId": "354",
    "categories": [
      {
        "name": "Boissons",
        "id": "354",
        "children": [
          {
            "name": "Alcools/Spiritueux",
            "id": "412",
            "children": [
              {
                "name": "Whisky",
                "id": "413"
              }
            ]
          }
        ]
      }
    ],
    "IsPrivateLabel": true,
    "amount": 0.7,
    "IsBiffe": false,
    "WeightconversionFactor": "0",
    "IsWeightArticle": false,
    "IsBio": false,
    "CountryOfOrigin": "ROYAUME-UNI",
    "IsExclusivelySoldInLuxembourg": false,
    "OrderUnit": "P",
    "ShortName": "EVD SCOTCH WHISKY40G70C",
    "AlcoholDisclaimermsg": true,
    "IsNew": false,
    "amountUnit": "kg",
    "CountryOfOriginISO": "GB",
    "EcoscoreLabel": "B",
    "ShowAlcoholLegalMsg": true,
    "LongName": "EVERYDAY Scotch Whisky 3Y 40% 70cl",
    "RecentQuanityOfStockUnits": "1,12",
    "AlcoholVolume": "39.7",
    "FicCode": "I",
    "EcoscoreValue": "64"
  },
  {
    "technicalArticleNumber": "3965239",
    "commercialArticleNumber": "2774",
    "gtin": [
      "05400141072297",
      "15400141072294"
    ],
    "productId": "427243",
    "name": "Vieille fine 30%",
    "description": "*Brandy\n*30% vol",
    "brand": "EVERYDAY",
    "seoBrand": "Everyday",
    "thumbNail": "https://static.colruytgroup.com/images/200x200/std.lang.all/88/03/asset-1688803.jpg",
    "fullImage": "https://static.colruytgroup.com/images/500x500/std.lang.all/88/03/asset-1688803.jpg",
    "squareImage": "https://static.colruytgroup.com/images/500x500sq/std.lang.all/88/03/asset-1688803.jpg",
    "content": "70cl",
    "price": {
      "basicPrice": 12.99,
      "recommendedQuantity": "1.0",
      "measurementUnitPrice": 18.56,
      "measurementUnit": "L",
      "isRedPrice": false,
      "pricePerUOM": 18.56,
      "activationDate": "13-03-2024",
      "recordSource": "Offline",
      "isPromoActive": "N",
      "priceChangeCode": "H",
      "priceReason": "Reaction"
    },
    "isPriceAvailable": true,
    "channelAvailability": [
      "8_BE_STORE",
      "8_LU_STORE",
      "8_BE_COLLECT_NEXT_DAY",
      "8_BE_HOME_DELIVERY",
      "8_BE_HOME_DELIVERY_DRIVER"
    ],
    "businessDomain": "RETAIL_BE",
    "walkRouteSequenceNumber": 871,
    "isAvailable": true,
    "inPromo": false,
    "topCategoryName": "Boissons",
    "topCategoryId": "354",
    "categories": [
      {
        "name": "Boissons",
        "id": "354",
        "children": [
          {
            "name": "Alcools/Spiritueux",
            "id": "412",
            "children": [
              {
                "name": "Cognac",
                "id": "414"
              }
            ]
          }
        ]
      }
    ],
    "IsPrivateLabel": true,
    "amount": 0.7,
    "IsBiffe": false,
    "WeightconversionFactor": "0",
    "IsWeightArticle": false,
    "IsBio": false,
    "CountryOfOrigin": "BELGIQUE",
    "IsExclusivelySoldInLuxembourg": false,
    "OrderUnit": "P",
    "ShortName": "EVD VIEILLE FINE 30%70C",
    "AlcoholDisclaimermsg": true,
    "IsNew": false,
    "amountUnit": "kg",
    "CountryOfOriginISO": "BE",
    "EcoscoreLabel": "C",
    "ShowAlcoholLegalMsg": true,
    "LongName": "EVERYDAY Vieille fine 30% 70cl",
    "RecentQuanityOfStockUnits": "1,6",
    "AlcoholVolume": "30",
    "FicCode": "I",
    "EcoscoreValue": "51"
  },
  {
    "technicalArticleNumber": "4882341",
    "commercialArticleNumber": "5567",
    "gtin": [
      "08001305332386",
      "08001305332393"
    ],
    "productId": "1261629",
    "name": "Limoncello 28%",
    "brand": "SOGNO ITALIANO",
    "seoBrand": "Sogno Italiano",
    "thumbNail": "https://static.colruytgroup.com/images/200x200/std.lang.all/59/15/asset-3815915.jpg",
    "fullImage": "https://static.colruytgroup.com/images/500x500/std.lang.all/59/15/asset-3815915.jpg",
    "squareImage": "https://static.colruytgroup.com/images/500x500sq/std.lang.all/59/15/asset-3815915.jpg",
    "content": "70cl",
    "price": {
      "basicPrice": 13.28,
      "recommendedQuantity": "1.0",
      "measurementUnitPrice": 18.98,
      "measurementUnit": "L",
      "isRedPrice": false,
      "pricePerUOM": 18.98,
      "activationDate": "02-06-2025",
      "recordSource": "Offline",
      "isPromoActive": "N",
      "priceChangeCode": "H",
      "priceReason": "Reaction"
    },
    "isPriceAvailable": true,
    "channelAvailability": [
      "3_BE_STORE",
      "8_BE_STORE",
      "8_LU_STORE",
      "8_BE_COLLECT_NEXT_DAY",
      "8_BE_HOME_DELIVERY",
      "8_BE_HOME_DELIVERY_DRIVER"
    ],
    "businessDomain": "RETAIL_BE",
    "walkRouteSequenceNumber": 896,
    "isAvailable": true,
    "inPromo": false,
    "topCategoryName": "Boissons",
    "topCategoryId": "354",
    "categories": [
      {
        "name": "Boissons",
        "id": "354",
        "children": [
          {
            "name": "Alcools/Spiritueux",
            "id": "412",
            "children": [
              {
                "name": "Liqueurs",
                "id": "419"
              }
            ]
          }
        ]
      }
    ],
    "IsPrivateLabel": false,
    "amount": 0.7,
    "IsBiffe": false,
    "WeightconversionFactor": "0",
    "IsWeightArticle": false,
    "IsBio": false,
    "CountryOfOrigin": "ITALIE",
    "IsExclusivelySoldInLuxembourg": false,
    "OrderUnit": "P",
    "ShortName": "SOIT LIMONCELLO 28%70CL",
    "AlcoholDisclaimermsg": true,
    "IsNew": false,
    "amountUnit": "kg",
    "CountryOfOriginISO": "IT",
    "EcoscoreLabel": "E",
    "ShowAlcoholLegalMsg": true,
    "LongName": "SOGNO ITALIANO Limoncello 28% 70cl",
    "RecentQuanityOfStockUnits": "1,6",
    "AlcoholVolume": "28",
    "FicCode": "E",
    "EcoscoreValue": "18"
  },
  {
    "technicalArticleNumber": "18725",
    "commercialArticleNumber": "18725",
    "gtin": [
      "15410293001325",
      "05410293001311"
    ],
    "productId": "1361",
    "name": "Hasseltse graanjenever 30%",
    "description": "*Geni\u00e8vre\n*30,0 % vol\n*Go\u00fbt: grain",
    "brand": "NOLENS",
    "seoBrand": "Nolens",
    "thumbNail": "https://static.colruytgroup.com/images/200x200/std.lang.all/54/03/asset-2195403.jpg",
    "fullImage": "https://static.colruytgroup.com/images/500x500/std.lang.all/54/03/asset-2195403.jpg",
    "squareImage": "https://static.colruytgroup.com/images/500x500sq/std.lang.all/54/03/asset-2195403.jpg",
    "content": "1L",
    "price": {
      "basicPrice": 13.49,
      "recommendedQuantity": "1.0",
      "measurementUnitPrice": 13.49,
      "measurementUnit": "L",
      "isRedPrice": false,
      "pricePerUOM": 13.49,
      "activationDate": "30-12-2024",
      "recordSource": "Offline",
      "isPromoActive": "N",
      "priceChangeCode": "E",
      "priceReason": "Reaction"
    },
    "isPriceAvailable": true,
    "channelAvailability": [
      "3_BE_STORE",
      "8_BE_STORE",
      "8_LU_STORE",
      "8_BE_COLLECT_NEXT_DAY",
      "8_BE_HOME_DELIVERY",
      "8_BE_HOME_DELIVERY_DRIVER"
    ],
    "businessDomain": "RETAIL_BE",
    "walkRouteSequenceNumber": 879,
    "isAvailable": true,
    "inPromo": false,
    "topCategoryName": "Boissons",
    "topCategoryId": "354",
    "categories": [
      {
        "name": "Boissons",
        "id": "354",
        "children": [
          {
            "name": "Alcools/Spiritueux",
            "id": "412",
            "children": [
              {
                "name": "Geni\u00e8vre",
                "id": "416"
              }
            ]
          }
        ]
      }
    ],
    "IsPrivateLabel": false,
    "amount": {
      "source": "1.0",
      "parsedValue": 1
    },
    "IsBiffe": false,
    "WeightconversionFactor": "0",
    "IsWeightArticle": false,
    "IsBio": false,
    "CountryOfOrigin": "BELGIQUE",
    "IsExclusivelySoldInLuxembourg": false,
    "OrderUnit": "P",
    "ShortName": "NOLENS HASSELT 30% 1L",
    "AlcoholDisclaimermsg": true,
    "IsNew": false,
    "amountUnit": "kg",
    "CountryOfOriginISO": "BE",
    "EcoscoreLabel": "D",
    "ShowAlcoholLegalMsg": true,
    "LongName": "NOLENS Hasseltse graanjenever 30% 1L",
    "RecentQuanityOfStockUnits": "6,1",
    "AlcoholVolume": "30",
    "FicCode": "E",
    "EcoscoreValue": "38"
  },
  {
    "technicalArticleNumber": "1607839",
    "commercialArticleNumber": "19257",
    "gtin": [
      "15410293803134",
      "05410293803137",
      "15410293803318",
      "15410746003135"
    ],
    "productId": "14310",
    "name": "geni\u00e8vre cactus 20%",
    "description": "*Geni\u00e8vre\n*20,0 % vol\n*Go\u00fbt: cactus",
    "brand": "SMEETS",
    "seoBrand": "Smeets",
    "thumbNail": "https://static.colruytgroup.com/images/200x200/std.lang.all/53/52/asset-1335352.jpg",
    "fullImage": "https://static.colruytgroup.com/images/500x500/std.lang.all/53/52/asset-1335352.jpg",
    "squareImage": "https://static.colruytgroup.com/images/500x500sq/std.lang.all/53/52/asset-1335352.jpg",
    "content": "70cl",
    "price": {
      "basicPrice": 13.99,
      "recommendedQuantity": "1.0",
      "quantityPrice": 13.43,
      "quantityPriceQuantity": "3.0",
      "measurementUnitPrice": 19.99,
      "measurementUnitQuantityPrice": 19.19,
      "measurementUnit": "L",
      "isRedPrice": false,
      "pricePerUOM": 19.99,
      "activationDate": "24-04-2025",
      "recordSource": "Offline",
      "isPromoActive": "N",
      "priceChangeCode": "E",
      "quantityPricePerUOM": 19.19,
      "quantityActivationDate": "24-04-2025",
      "quantityPriceChangeCode": "H",
      "priceReason": "Reaction"
    },
    "isPriceAvailable": true,
    "channelAvailability": [
      "8_BE_STORE",
      "8_LU_STORE",
      "8_BE_COLLECT_NEXT_DAY",
      "8_BE_HOME_DELIVERY_DRIVER"
    ],
    "businessDomain": "RETAIL_BE",
    "walkRouteSequenceNumber": 884,
    "isAvailable": true,
    "inPromo": false,
    "topCategoryName": "Boissons",
    "topCategoryId": "354",
    "categories": [
      {
        "name": "Boissons",
        "id": "354",
        "children": [
          {
            "name": "Alcools/Spiritueux",
            "id": "412",
            "children": [
              {
                "name": "Geni\u00e8vre",
                "id": "416"
              }
            ]
          }
        ]
      }
    ],
    "IsPrivateLabel": false,
    "amount": 0.7,
    "IsBiffe": false,
    "WeightconversionFactor": "0",
    "IsWeightArticle": false,
    "IsBio": false,
    "CountryOfOrigin": "BELGIQUE",
    "IsExclusivelySoldInLuxembourg": false,
    "OrderUnit": "P",
    "ShortName": "SMEETS CACTUS 70CL",
    "AlcoholDisclaimermsg": true,
    "IsNew": false,
    "amountUnit": "kg",
    "CountryOfOriginISO": "BE",
    "EcoscoreLabel": "D",
    "ShowAlcoholLegalMsg": true,
    "LongName": "SMEETS geni\u00e8vre cactus 20% 70cl",
    "RecentQuanityOfStockUnits": "1",
    "AlcoholVolume": "20",
    "FicCode": "E",
    "EcoscoreValue": "38"
  },
  {
    "technicalArticleNumber": "19133",
    "commercialArticleNumber": "19133",
    "gtin": [
      "05011013100156",
      "05011013100613",
      "05011013940868",
      "05011013940851",
      "05011013938490"
    ],
    "productId": "1301",
    "name": "Irish Cream 17%",
    "description": "*Liqueur\n*Digestif\n*17,0 % vol",
    "brand": "BAILEYS",
    "seoBrand": "Baileys",
    "thumbNail": "https://static.colruytgroup.com/images/200x200/std.lang.all/11/71/asset-3221171.jpg",
    "fullImage": "https://static.colruytgroup.com/images/500x500/std.lang.all/11/71/asset-3221171.jpg",
    "squareImage": "https://static.colruytgroup.com/images/500x500sq/std.lang.all/11/71/asset-3221171.jpg",
    "content": "70cl",
    "price": {
      "basicPrice": 13.99,
      "recommendedQuantity": "1.0",
      "measurementUnitPrice": 19.99,
      "measurementUnit": "L",
      "isRedPrice": false,
      "pricePerUOM": 19.99,
      "activationDate": "03-06-2025",
      "recordSource": "Offline",
      "isPromoActive": "N",
      "priceChangeCode": "E",
      "priceReason": "Reaction"
    },
    "isPriceAvailable": true,
    "channelAvailability": [
      "3_BE_STORE",
      "8_BE_STORE",
      "8_LU_STORE",
      "8_BE_COLLECT_NEXT_DAY",
      "8_BE_HOME_DELIVERY",
      "8_BE_HOME_DELIVERY_DRIVER"
    ],
    "businessDomain": "RETAIL_BE",
    "walkRouteSequenceNumber": 917,
    "isAvailable": true,
    "inPromo": false,
    "topCategoryName": "Boissons",
    "topCategoryId": "354",
    "categories": [
      {
        "name": "Boissons",
        "id": "354",
        "children": [
          {
            "name": "Alcools/Spiritueux",
            "id": "412",
            "children": [
              {
                "name": "Cr\u00e8mes",
                "id": "420"
              }
            ]
          }
        ]
      }
    ],
    "IsPrivateLabel": false,
    "amount": 0.7,
    "IsBiffe": false,
    "WeightconversionFactor": "0",
    "IsWeightArticle": false,
    "IsBio": false,
    "CountryOfOrigin": "IRLANDE",
    "IsExclusivelySoldInLuxembourg": false,
    "OrderUnit": "P",
    "ShortName": "BAIL IRISH CREAM17%70CL",
    "AlcoholDisclaimermsg": true,
    "IsNew": false,
    "amountUnit": "kg",
    "CountryOfOriginISO": "IE",
    "EcoscoreLabel": "D",
    "ShowAlcoholLegalMsg": true,
    "LongName": "BAILEYS Irish Cream 17% 70cl",
    "RecentQuanityOfStockUnits": "1,6",
    "AlcoholVolume": "17",
    "FicCode": "E",
    "EcoscoreValue": "31"
  },
  {
    "technicalArticleNumber": "3579393",
    "commercialArticleNumber": "16782",
    "gtin": [
      "05010677801607",
      "07610113005705",
      "05410098612644",
      "05010677801287",
      "07610113009253",
      "05010677801768"
    ],
    "productId": "232243",
    "name": "Vodka Red 18,0%",
    "description": "*Vodka\n*Base pour cocktail\n*18 % vol",
    "brand": "ERISTOFF",
    "seoBrand": "Eristoff Red",
    "thumbNail": "https://static.colruytgroup.com/images/200x200/std.lang.all/43/85/asset-1964385.jpg",
    "fullImage": "https://static.colruytgroup.com/images/500x500/std.lang.all/43/85/asset-1964385.jpg",
    "squareImage": "https://static.colruytgroup.com/images/500x500sq/std.lang.all/43/85/asset-1964385.jpg",
    "content": "70cl",
    "price": {
      "basicPrice": 13.99,
      "recommendedQuantity": "1.0",
      "measurementUnitPrice": 19.99,
      "measurementUnit": "L",
      "isRedPrice": false,
      "pricePerUOM": 19.99,
      "activationDate": "05-06-2025",
      "recordSource": "Offline",
      "isPromoActive": "N",
      "priceChangeCode": "E",
      "priceReason": "Reaction"
    },
    "isPriceAvailable": true,
    "channelAvailability": [
      "3_BE_STORE",
      "8_BE_STORE",
      "8_LU_STORE",
      "8_BE_COLLECT_NEXT_DAY",
      "8_BE_HOME_DELIVERY",
      "8_BE_HOME_DELIVERY_DRIVER"
    ],
    "businessDomain": "RETAIL_BE",
    "walkRouteSequenceNumber": 812,
    "isAvailable": true,
    "inPromo": false,
    "topCategoryName": "Boissons",
    "topCategoryId": "354",
    "categories": [
      {
        "name": "Boissons",
        "id": "354",
        "children": [
          {
            "name": "Alcools/Spiritueux",
            "id": "412",
            "children": [
              {
                "name": "Vodka",
                "id": "418"
              }
            ]
          }
        ]
      }
    ],
    "IsPrivateLabel": false,
    "amount": 0.7,
    "IsBiffe": false,
    "IsWeightArticle": false,
    "WeightconversionFactor": "0",
    "IsBio": false,
    "CountryOfOrigin": "FRANCE",
    "IsExclusivelySoldInLuxembourg": false,
    "OrderUnit": "P",
    "AlcoholDisclaimermsg": true,
    "ShortName": "ERISTOFF RED 18% 70CL",
    "IsNew": false,
    "amountUnit": "kg",
    "CountryOfOriginISO": "FR",
    "servings": 23.3,
    "EcoscoreLabel": "C",
    "ShowAlcoholLegalMsg": true,
    "LongName": "ERISTOFF Vodka Red 18,0% 70cl",
    "RecentQuanityOfStockUnits": "6,1",
    "AlcoholVolume": "18",
    "FicCode": "E",
    "EcoscoreValue": "51"
  },
  {
    "technicalArticleNumber": "3768756",
    "commercialArticleNumber": "16403",
    "gtin": [
      "08411640010472",
      "18411640010479",
      "18411640010356",
      "08411640010359",
      "08411640012070",
      "18411640012077"
    ],
    "productId": "324404",
    "name": "Pink Gin 37,5%",
    "description": "*Fruit\u00e9-doux\n*Tonic neutre\n*Garn. fraise\n*Espagne",
    "brand": "GIN MG",
    "seoBrand": "Gin Mg",
    "thumbNail": "https://static.colruytgroup.com/images/200x200/std.lang.all/36/72/asset-2083672.jpg",
    "fullImage": "https://static.colruytgroup.com/images/500x500/std.lang.all/36/72/asset-2083672.jpg",
    "squareImage": "https://static.colruytgroup.com/images/500x500sq/std.lang.all/36/72/asset-2083672.jpg",
    "content": "70cl",
    "price": {
      "basicPrice": 14.25,
      "recommendedQuantity": "1.0",
      "measurementUnitPrice": 20.36,
      "measurementUnit": "L",
      "isRedPrice": false,
      "pricePerUOM": 20.36,
      "activationDate": "04-06-2025",
      "isPromoActive": "Y",
      "priceChangeCode": "L",
      "priceReason": "Promo"
    },
    "isPriceAvailable": true,
    "channelAvailability": [
      "3_BE_STORE",
      "8_BE_STORE",
      "8_LU_STORE",
      "8_BE_COLLECT_NEXT_DAY",
      "8_BE_HOME_DELIVERY",
      "8_BE_HOME_DELIVERY_DRIVER"
    ],
    "businessDomain": "RETAIL_BE",
    "walkRouteSequenceNumber": 726,
    "isAvailable": true,
    "inPromo": false,
    "topCategoryName": "Boissons",
    "topCategoryId": "354",
    "categories": [
      {
        "name": "Boissons",
        "id": "354",
        "children": [
          {
            "name": "Alcools/Spiritueux",
            "id": "412",
            "children": [
              {
                "name": "Gin",
                "id": "1555"
              }
            ]
          }
        ]
      }
    ],
    "IsPrivateLabel": false,
    "amount": 0.7,
    "IsBiffe": false,
    "WeightconversionFactor": "0",
    "IsWeightArticle": false,
    "IsBio": false,
    "CountryOfOrigin": "ESPAGNE",
    "IsExclusivelySoldInLuxembourg": false,
    "OrderUnit": "P",
    "ShortName": "MG PINK GIN 37.5% 70CL",
    "AlcoholDisclaimermsg": true,
    "IsNew": false,
    "amountUnit": "kg",
    "CountryOfOriginISO": "ES",
    "EcoscoreLabel": "B",
    "ShowAlcoholLegalMsg": true,
    "LongName": "GIN MG Pink Gin 37,5% 70cl",
    "RecentQuanityOfStockUnits": "1",
    "AlcoholVolume": "37.5",
    "FicCode": "E",
    "EcoscoreValue": "62"
  },
  {
    "technicalArticleNumber": "3523596",
    "commercialArticleNumber": "40183",
    "gtin": [
      "18411640010349",
      "08411640010342",
      "08411640000237",
      "28411640000231",
      "18411640012060",
      "08411640012063"
    ],
    "productId": "243759",
    "name": "London Dry Gin 37,5%",
    "description": "*Fruit\u00e9-\u00e9pic\u00e9\n*Tonic neutre\n*garn. citroen\n*Espagne",
    "brand": "GIN MG",
    "seoBrand": "Gin Mg",
    "thumbNail": "https://static.colruytgroup.com/images/200x200/std.lang.all/36/70/asset-2083670.jpg",
    "fullImage": "https://static.colruytgroup.com/images/500x500/std.lang.all/36/70/asset-2083670.jpg",
    "squareImage": "https://static.colruytgroup.com/images/500x500sq/std.lang.all/36/70/asset-2083670.jpg",
    "content": "70cl",
    "price": {
      "basicPrice": 14.25,
      "recommendedQuantity": "1.0",
      "measurementUnitPrice": 20.36,
      "measurementUnit": "L",
      "isRedPrice": true,
      "redPriceReason": "Promo",
      "referencePrice": 14.99,
      "retentionPeriod": 30,
      "pricePerUOM": 20.36,
      "activationDate": "04-06-2025",
      "isPromoActive": "Y",
      "priceChangeCode": "L",
      "priceReason": "Promo"
    },
    "isPriceAvailable": true,
    "channelAvailability": [
      "3_BE_STORE",
      "8_BE_STORE",
      "8_LU_STORE",
      "8_BE_COLLECT_NEXT_DAY",
      "8_BE_HOME_DELIVERY",
      "8_BE_HOME_DELIVERY_DRIVER"
    ],
    "businessDomain": "RETAIL_BE",
    "walkRouteSequenceNumber": 727,
    "isAvailable": true,
    "inPromo": false,
    "topCategoryName": "Boissons",
    "topCategoryId": "354",
    "categories": [
      {
        "name": "Boissons",
        "id": "354",
        "children": [
          {
            "name": "Alcools/Spiritueux",
            "id": "412",
            "children": [
              {
                "name": "Gin",
                "id": "1555"
              }
            ]
          }
        ]
      }
    ],
    "IsPrivateLabel": false,
    "amount": 0.7,
    "IsBiffe": false,
    "WeightconversionFactor": "0",
    "IsWeightArticle": false,
    "IsBio": false,
    "CountryOfOrigin": "ESPAGNE",
    "IsExclusivelySoldInLuxembourg": false,
    "OrderUnit": "P",
    "ShortName": "MG LON.DR GIN 37.5% 70C",
    "AlcoholDisclaimermsg": true,
    "IsNew": false,
    "amountUnit": "kg",
    "CountryOfOriginISO": "ES",
    "EcoscoreLabel": "B",
    "ShowAlcoholLegalMsg": true,
    "LongName": "GIN MG London Dry Gin 37,5% 70cl",
    "RecentQuanityOfStockUnits": "1",
    "AlcoholVolume": "37.5",
    "FicCode": "E",
    "EcoscoreValue": "62"
  },
  {
    "technicalArticleNumber": "4802974",
    "commercialArticleNumber": "36106",
    "gtin": [
      "15410293803486",
      "05410293803489",
      "15410293803493"
    ],
    "productId": "1059159",
    "name": "Mangue-fr.de la passion 20%",
    "description": "Geni\u00e8vre",
    "brand": "SMEETS",
    "seoBrand": "Smeets",
    "thumbNail": "https://static.colruytgroup.com/images/200x200/std.lang.all/17/30/asset-3461730.jpg",
    "fullImage": "https://static.colruytgroup.com/images/500x500/std.lang.all/17/30/asset-3461730.jpg",
    "squareImage": "https://static.colruytgroup.com/images/500x500sq/std.lang.all/17/30/asset-3461730.jpg",
    "content": "70cl",
    "price": {
      "basicPrice": 14.25,
      "recommendedQuantity": "1.0",
      "quantityPrice": 13.68,
      "quantityPriceQuantity": "3.0",
      "measurementUnitPrice": 20.36,
      "measurementUnitQuantityPrice": 19.55,
      "measurementUnit": "L",
      "isRedPrice": false,
      "pricePerUOM": 20.36,
      "activationDate": "15-03-2025",
      "recordSource": "Online",
      "isPromoActive": "N",
      "priceChangeCode": "H",
      "quantityPricePerUOM": 19.55,
      "quantityActivationDate": "15-03-2025",
      "quantityPriceChangeCode": "H",
      "priceReason": "Reaction"
    },
    "isPriceAvailable": true,
    "channelAvailability": [
      "8_BE_STORE",
      "8_LU_STORE",
      "8_BE_COLLECT_NEXT_DAY",
      "8_BE_HOME_DELIVERY",
      "8_BE_HOME_DELIVERY_DRIVER"
    ],
    "businessDomain": "RETAIL_BE",
    "walkRouteSequenceNumber": 883,
    "isAvailable": true,
    "inPromo": false,
    "topCategoryName": "Boissons",
    "topCategoryId": "354",
    "categories": [
      {
        "name": "Boissons",
        "id": "354",
        "children": [
          {
            "name": "Alcools/Spiritueux",
            "id": "412",
            "children": [
              {
                "name": "Geni\u00e8vre",
                "id": "416"
              }
            ]
          }
        ]
      }
    ],
    "IsPrivateLabel": false,
    "amount": 0.7,
    "IsBiffe": false,
    "WeightconversionFactor": "0",
    "IsWeightArticle": false,
    "IsBio": false,
    "CountryOfOrigin": "BELGIQUE",
    "IsExclusivelySoldInLuxembourg": false,
    "OrderUnit": "P",
    "ShortName": "SMEE MANGUE-FR.PASS.70C",
    "AlcoholDisclaimermsg": true,
    "IsNew": false,
    "amountUnit": "kg",
    "CountryOfOriginISO": "BE",
    "EcoscoreLabel": "D",
    "ShowAlcoholLegalMsg": true,
    "LongName": "SMEETS Mangue-fr.de la passion 20% 70cl",
    "RecentQuanityOfStockUnits": "1",
    "AlcoholVolume": "20",
    "FicCode": "E",
    "EcoscoreValue": "38"
  },
  {
    "technicalArticleNumber": "19130",
    "commercialArticleNumber": "19130",
    "gtin": [
      "05412166120754",
      "05412166120761"
    ],
    "productId": "1299",
    "name": "advokaat 14,0%vol bocal",
    "description": "*Liqueur\n*14,0 % vol",
    "brand": "FILLIERS",
    "seoBrand": "Filliers",
    "thumbNail": "https://static.colruytgroup.com/images/200x200/std.lang.all/95/37/asset-2319537.jpg",
    "fullImage": "https://static.colruytgroup.com/images/500x500/std.lang.all/95/37/asset-2319537.jpg",
    "squareImage": "https://static.colruytgroup.com/images/500x500sq/std.lang.all/95/37/asset-2319537.jpg",
    "content": "70cl",
    "price": {
      "basicPrice": 14.39,
      "recommendedQuantity": "1.0",
      "measurementUnitPrice": 20.56,
      "measurementUnit": "L",
      "isRedPrice": false,
      "pricePerUOM": 20.56,
      "activationDate": "08-05-2025",
      "recordSource": "Offline",
      "isPromoActive": "N",
      "priceChangeCode": "H",
      "priceReason": "Reaction"
    },
    "isPriceAvailable": true,
    "channelAvailability": [
      "3_BE_STORE",
      "8_BE_STORE",
      "8_BE_COLLECT_NEXT_DAY",
      "8_BE_HOME_DELIVERY_DRIVER"
    ],
    "businessDomain": "RETAIL_BE",
    "walkRouteSequenceNumber": 913,
    "isAvailable": true,
    "inPromo": false,
    "topCategoryName": "Boissons",
    "topCategoryId": "354",
    "categories": [
      {
        "name": "Boissons",
        "id": "354",
        "children": [
          {
            "name": "Alcools/Spiritueux",
            "id": "412",
            "children": [
              {
                "name": "Cr\u00e8mes",
                "id": "420"
              }
            ]
          }
        ]
      }
    ],
    "IsPrivateLabel": false,
    "amount": 0.7,
    "IsBiffe": false,
    "WeightconversionFactor": "0",
    "IsWeightArticle": false,
    "IsBio": false,
    "CountryOfOrigin": "BELGIQUE",
    "IsExclusivelySoldInLuxembourg": false,
    "OrderUnit": "P",
    "ShortName": "FILL ADVOK BOCAL 70CL",
    "AlcoholDisclaimermsg": true,
    "IsNew": false,
    "amountUnit": "kg",
    "CountryOfOriginISO": "BE",
    "EcoscoreLabel": "C",
    "ShowAlcoholLegalMsg": true,
    "LongName": "FILLIERS advokaat 14,0%vol bocal 70cl",
    "RecentQuanityOfStockUnits": "1",
    "AlcoholVolume": "14",
    "FicCode": "E",
    "EcoscoreValue": "53"
  },
  {
    "technicalArticleNumber": "3799651",
    "commercialArticleNumber": "12885",
    "gtin": [
      "05400141478815",
      "15400141106081",
      "05400141106084"
    ],
    "productId": "358988",
    "name": "Elixir de Bruges 30%",
    "description": "*Liqueur\n*30 % vol",
    "brand": "MARIE GALANTE",
    "seoBrand": "Marie Galante",
    "thumbNail": "https://static.colruytgroup.com/images/200x200/std.lang.all/86/82/asset-2268682.jpg",
    "fullImage": "https://static.colruytgroup.com/images/500x500/std.lang.all/86/82/asset-2268682.jpg",
    "squareImage": "https://static.colruytgroup.com/images/500x500sq/std.lang.all/86/82/asset-2268682.jpg",
    "content": "70cl",
    "price": {
      "basicPrice": 14.49,
      "recommendedQuantity": "1.0",
      "measurementUnitPrice": 20.7,
      "measurementUnit": "L",
      "isRedPrice": false,
      "pricePerUOM": 20.7,
      "activationDate": "10-11-2023",
      "isPromoActive": "N",
      "priceChangeCode": "E",
      "priceReason": "FALLBACK"
    },
    "isPriceAvailable": true,
    "channelAvailability": [
      "3_BE_STORE",
      "8_BE_STORE",
      "8_LU_STORE",
      "8_BE_COLLECT_NEXT_DAY",
      "8_BE_HOME_DELIVERY",
      "8_BE_HOME_DELIVERY_DRIVER"
    ],
    "businessDomain": "RETAIL_BE",
    "walkRouteSequenceNumber": 898,
    "isAvailable": true,
    "inPromo": false,
    "topCategoryName": "Boissons",
    "topCategoryId": "354",
    "categories": [
      {
        "name": "Boissons",
        "id": "354",
        "children": [
          {
            "name": "Alcools/Spiritueux",
            "id": "412",
            "children": [
              {
                "name": "Liqueurs",
                "id": "419"
              }
            ]
          }
        ]
      }
    ],
    "IsPrivateLabel": true,
    "amount": 0.7,
    "IsBiffe": false,
    "WeightconversionFactor": "0",
    "IsWeightArticle": false,
    "IsBio": false,
    "CountryOfOrigin": "BELGIQUE",
    "IsExclusivelySoldInLuxembourg": false,
    "OrderUnit": "P",
    "ShortName": "MAGA ELIXIR BRUGES 70CL",
    "AlcoholDisclaimermsg": true,
    "IsNew": false,
    "amountUnit": "kg",
    "CountryOfOriginISO": "BE",
    "EcoscoreLabel": "C",
    "ShowAlcoholLegalMsg": true,
    "LongName": "MARIE GALANTE Elixir de Bruges 30% 70cl",
    "RecentQuanityOfStockUnits": "1,1",
    "AlcoholVolume": "29.7",
    "FicCode": "I",
    "EcoscoreValue": "49"
  },
  {
    "technicalArticleNumber": "3353796",
    "commercialArticleNumber": "14096",
    "gtin": [
      "15410293802014",
      "05410293802017",
      "15410293802021"
    ],
    "productId": "177021",
    "name": "geni\u00e8vre pomme/cerise 14.9%",
    "description": "*Geni\u00e8vre\n*14,9%\n*Go\u00fbt: pomme cerise",
    "brand": "SMEETS",
    "seoBrand": "Smeets",
    "thumbNail": "https://static.colruytgroup.com/images/200x200/std.lang.all/62/36/asset-1736236.jpg",
    "fullImage": "https://static.colruytgroup.com/images/500x500/std.lang.all/62/36/asset-1736236.jpg",
    "squareImage": "https://static.colruytgroup.com/images/500x500sq/std.lang.all/62/36/asset-1736236.jpg",
    "content": "70cl",
    "price": {
      "basicPrice": 14.55,
      "recommendedQuantity": "1.0",
      "quantityPrice": 13.39,
      "quantityPriceQuantity": "3.0",
      "measurementUnitPrice": 20.79,
      "measurementUnitQuantityPrice": 19.13,
      "measurementUnit": "L",
      "isRedPrice": false,
      "pricePerUOM": 20.79,
      "activationDate": "05-04-2025",
      "recordSource": "Online",
      "isPromoActive": "N",
      "priceChangeCode": "L",
      "quantityPricePerUOM": 19.13,
      "quantityActivationDate": "05-04-2025",
      "quantityPriceChangeCode": "L",
      "priceReason": "Reaction"
    },
    "isPriceAvailable": true,
    "channelAvailability": [
      "8_BE_STORE",
      "8_BE_COLLECT_NEXT_DAY",
      "8_BE_HOME_DELIVERY_DRIVER"
    ],
    "businessDomain": "RETAIL_BE",
    "walkRouteSequenceNumber": 882,
    "isAvailable": true,
    "inPromo": false,
    "topCategoryName": "Boissons",
    "topCategoryId": "354",
    "categories": [
      {
        "name": "Boissons",
        "id": "354",
        "children": [
          {
            "name": "Alcools/Spiritueux",
            "id": "412",
            "children": [
              {
                "name": "Geni\u00e8vre",
                "id": "416"
              }
            ]
          }
        ]
      }
    ],
    "IsPrivateLabel": false,
    "amount": 0.7,
    "IsBiffe": false,
    "IsWeightArticle": false,
    "WeightconversionFactor": "0",
    "IsBio": false,
    "CountryOfOrigin": "BELGIQUE",
    "IsExclusivelySoldInLuxembourg": false,
    "OrderUnit": "P",
    "AlcoholDisclaimermsg": true,
    "InSeason": true,
    "ShortName": "RE SMEETS POM CERISE 70",
    "IsNew": false,
    "amountUnit": "kg",
    "CountryOfOriginISO": "BE",
    "EcoscoreLabel": "D",
    "ShowAlcoholLegalMsg": true,
    "LongName": "SMEETS geni\u00e8vre pomme/cerise 14.9% 70cl",
    "RecentQuanityOfStockUnits": "1",
    "AlcoholVolume": "14.9",
    "StartSeasonDate": "04/03/2019",
    "FicCode": "E",
    "EcoscoreValue": "38"
  },
  {
    "technicalArticleNumber": "18810",
    "commercialArticleNumber": "18810",
    "gtin": [
      "05410316671118",
      "05011013400157",
      "05410316296564"
    ],
    "productId": "1370",
    "name": "vodka 37,5%",
    "description": "*Vodka\n*Base pour cocktail\n*37,5 % vol",
    "brand": "SMIRNOFF",
    "seoBrand": "Smirnoff",
    "thumbNail": "https://static.colruytgroup.com/images/200x200/std.lang.all/13/63/asset-2091363.jpg",
    "fullImage": "https://static.colruytgroup.com/images/500x500/std.lang.all/13/63/asset-2091363.jpg",
    "squareImage": "https://static.colruytgroup.com/images/500x500sq/std.lang.all/13/63/asset-2091363.jpg",
    "content": "70cl",
    "price": {
      "basicPrice": 14.79,
      "recommendedQuantity": "1.0",
      "quantityPrice": 13.99,
      "quantityPriceQuantity": "2.0",
      "measurementUnitPrice": 21.13,
      "measurementUnitQuantityPrice": 19.99,
      "measurementUnit": "L",
      "isRedPrice": false,
      "pricePerUOM": 21.13,
      "activationDate": "03-06-2025",
      "recordSource": "Offline",
      "isPromoActive": "N",
      "priceChangeCode": "H",
      "quantityPricePerUOM": 19.99,
      "quantityActivationDate": "03-06-2025",
      "quantityPriceChangeCode": "H",
      "priceReason": "Reaction"
    },
    "isPriceAvailable": true,
    "channelAvailability": [
      "3_BE_STORE",
      "8_BE_STORE",
      "8_LU_STORE",
      "8_BE_COLLECT_NEXT_DAY",
      "8_BE_HOME_DELIVERY",
      "8_BE_HOME_DELIVERY_DRIVER"
    ],
    "businessDomain": "RETAIL_BE",
    "walkRouteSequenceNumber": 819,
    "isAvailable": true,
    "inPromo": false,
    "topCategoryName": "Boissons",
    "topCategoryId": "354",
    "categories": [
      {
        "name": "Boissons",
        "id": "354",
        "children": [
          {
            "name": "Alcools/Spiritueux",
            "id": "412",
            "children": [
              {
                "name": "Vodka",
                "id": "418"
              }
            ]
          }
        ]
      }
    ],
    "IsPrivateLabel": false,
    "amount": 0.7,
    "IsBiffe": false,
    "WeightconversionFactor": "0",
    "IsWeightArticle": false,
    "IsBio": false,
    "CountryOfOrigin": "ROYAUME-UNI",
    "IsExclusivelySoldInLuxembourg": false,
    "OrderUnit": "P",
    "ShortName": "SMIRNOFF VOD.37.5% 70CL",
    "AlcoholDisclaimermsg": true,
    "IsNew": false,
    "amountUnit": "kg",
    "CountryOfOriginISO": "GB",
    "EcoscoreLabel": "C",
    "ShowAlcoholLegalMsg": true,
    "LongName": "SMIRNOFF vodka 37,5% 70cl",
    "RecentQuanityOfStockUnits": "1,6",
    "AlcoholVolume": "37.5",
    "FicCode": "E",
    "EcoscoreValue": "51"
  },
  {
    "technicalArticleNumber": "4700168",
    "commercialArticleNumber": "31032",
    "gtin": [
      "05410316967402",
      "05410316967396"
    ],
    "productId": "851991",
    "name": "Vodka Raspberry Crush 25%",
    "description": "*Vodka aromatis\u00e9e\n*25% vol",
    "brand": "SMIRNOFF",
    "seoBrand": "Smirnoff",
    "thumbNail": "https://static.colruytgroup.com/images/200x200/std.lang.all/74/05/asset-3197405.jpg",
    "fullImage": "https://static.colruytgroup.com/images/500x500/std.lang.all/74/05/asset-3197405.jpg",
    "squareImage": "https://static.colruytgroup.com/images/500x500sq/std.lang.all/74/05/asset-3197405.jpg",
    "content": "70cl",
    "price": {
      "basicPrice": 14.95,
      "recommendedQuantity": "1.0",
      "measurementUnitPrice": 21.36,
      "measurementUnit": "L",
      "isRedPrice": false,
      "pricePerUOM": 21.36,
      "activationDate": "08-05-2025",
      "recordSource": "Online",
      "isPromoActive": "N",
      "priceChangeCode": "E",
      "priceReason": "Reaction"
    },
    "isPriceAvailable": true,
    "channelAvailability": [
      "8_BE_STORE",
      "8_LU_STORE",
      "8_BE_COLLECT_NEXT_DAY",
      "8_BE_HOME_DELIVERY_DRIVER"
    ],
    "businessDomain": "RETAIL_BE",
    "walkRouteSequenceNumber": 820,
    "isAvailable": true,
    "inPromo": false,
    "topCategoryName": "Boissons",
    "topCategoryId": "354",
    "categories": [
      {
        "name": "Boissons",
        "id": "354",
        "children": [
          {
            "name": "Alcools/Spiritueux",
            "id": "412",
            "children": [
              {
                "name": "Vodka",
                "id": "418"
              }
            ]
          }
        ]
      }
    ],
    "IsPrivateLabel": false,
    "amount": 0.7,
    "IsBiffe": false,
    "IsWeightArticle": false,
    "WeightconversionFactor": "0",
    "IsBio": false,
    "CountryOfOrigin": "ROYAUME-UNI",
    "IsExclusivelySoldInLuxembourg": false,
    "OrderUnit": "P",
    "AlcoholDisclaimermsg": true,
    "ShortName": "SMIR RASPBERRY CRUSH70C",
    "IsNew": false,
    "amountUnit": "kg",
    "CountryOfOriginISO": "GB",
    "servings": {
      "source": "23.0",
      "parsedValue": 23
    },
    "EcoscoreLabel": "C",
    "ShowAlcoholLegalMsg": true,
    "LongName": "SMIRNOFF Vodka Raspberry Crush 25% 70cl",
    "RecentQuanityOfStockUnits": "1,6",
    "AlcoholVolume": "25",
    "FicCode": "E",
    "EcoscoreValue": "51"
  },
  {
    "technicalArticleNumber": "2477910",
    "commercialArticleNumber": "26144",
    "gtin": [
      "05411772150100",
      "05411772150094",
      "05411772001112",
      "05411772070101"
    ],
    "productId": "40471",
    "name": "ap\u00e9ritif Orig.12,0%vol",
    "description": "*Ready to serve\n*Base pour cocktail\n*12,0 % vol",
    "brand": "WOODBERRIES",
    "seoBrand": "Woodberries",
    "thumbNail": "https://static.colruytgroup.com/images/200x200/std.lang.all/53/79/asset-1635379.jpg",
    "fullImage": "https://static.colruytgroup.com/images/500x500/std.lang.all/53/79/asset-1635379.jpg",
    "squareImage": "https://static.colruytgroup.com/images/500x500sq/std.lang.all/53/79/asset-1635379.jpg",
    "content": "70cl",
    "price": {
      "basicPrice": 14.99,
      "recommendedQuantity": "1.0",
      "measurementUnitPrice": 21.42,
      "measurementUnit": "L",
      "isRedPrice": false,
      "pricePerUOM": 21.42,
      "activationDate": "05-06-2025",
      "recordSource": "Offline",
      "isPromoActive": "N",
      "priceChangeCode": "E",
      "priceReason": "Reaction"
    },
    "isPriceAvailable": true,
    "channelAvailability": [
      "3_BE_STORE",
      "8_BE_STORE",
      "8_LU_STORE",
      "8_BE_COLLECT_NEXT_DAY",
      "8_BE_HOME_DELIVERY_DRIVER"
    ],
    "businessDomain": "RETAIL_BE",
    "walkRouteSequenceNumber": 961,
    "isAvailable": true,
    "inPromo": false,
    "topCategoryName": "Boissons",
    "topCategoryId": "354",
    "categories": [
      {
        "name": "Boissons",
        "id": "354",
        "children": [
          {
            "name": "Alcools/Spiritueux",
            "id": "412",
            "children": [
              {
                "name": "Liqueurs",
                "id": "419"
              }
            ]
          }
        ]
      }
    ],
    "IsPrivateLabel": false,
    "amount": 0.7,
    "IsBiffe": false,
    "WeightconversionFactor": "0",
    "IsWeightArticle": false,
    "IsBio": false,
    "CountryOfOrigin": "BELGIQUE",
    "IsExclusivelySoldInLuxembourg": false,
    "OrderUnit": "P",
    "ShortName": "RE WOODBERRIES 70C 12",
    "AlcoholDisclaimermsg": true,
    "IsNew": false,
    "amountUnit": "kg",
    "CountryOfOriginISO": "BE",
    "EcoscoreLabel": "E",
    "ShowAlcoholLegalMsg": true,
    "LongName": "WOODBERRIES ap\u00e9ritif Orig.12,0%vol 70cl",
    "RecentQuanityOfStockUnits": "6,1",
    "AlcoholVolume": "12",
    "FicCode": "E",
    "EcoscoreValue": "18"
  },
  {
    "technicalArticleNumber": "3422024",
    "commercialArticleNumber": "40411",
    "gtin": [
      "03012992422002",
      "03012998329558",
      "03012998599623"
    ],
    "productId": "197425",
    "name": "whisky Finest 40,0%vol",
    "description": "*Scotch blend.whisky\n*\u00c9cosse",
    "brand": "SIR EDWARD'S",
    "seoBrand": "Sir Edward's",
    "thumbNail": "https://static.colruytgroup.com/images/200x200/std.lang.all/27/21/asset-822721.jpg",
    "fullImage": "https://static.colruytgroup.com/images/500x500/std.lang.all/27/21/asset-822721.jpg",
    "squareImage": "https://static.colruytgroup.com/images/500x500sq/std.lang.all/27/21/asset-822721.jpg",
    "content": "70cl",
    "price": {
      "basicPrice": 14.99,
      "recommendedQuantity": "1.0",
      "measurementUnitPrice": 21.42,
      "measurementUnit": "L",
      "isRedPrice": false,
      "pricePerUOM": 21.42,
      "activationDate": "27-11-2024",
      "isPromoActive": "N",
      "priceChangeCode": "L",
      "priceReason": "FALLBACK"
    },
    "isPriceAvailable": true,
    "channelAvailability": [
      "8_BE_STORE",
      "8_LU_STORE",
      "8_BE_COLLECT_NEXT_DAY",
      "8_BE_HOME_DELIVERY",
      "8_BE_HOME_DELIVERY_DRIVER"
    ],
    "businessDomain": "RETAIL_BE",
    "walkRouteSequenceNumber": 848,
    "isAvailable": true,
    "inPromo": false,
    "topCategoryName": "Boissons",
    "topCategoryId": "354",
    "categories": [
      {
        "name": "Boissons",
        "id": "354",
        "children": [
          {
            "name": "Alcools/Spiritueux",
            "id": "412",
            "children": [
              {
                "name": "Whisky",
                "id": "413"
              }
            ]
          }
        ]
      }
    ],
    "IsPrivateLabel": false,
    "amount": 0.7,
    "IsBiffe": false,
    "WeightconversionFactor": "0",
    "IsWeightArticle": false,
    "IsBio": false,
    "CountryOfOrigin": "ROYAUME-UNI",
    "IsExclusivelySoldInLuxembourg": false,
    "OrderUnit": "P",
    "ShortName": "SEDW WHISKY 40% 70CL",
    "AlcoholDisclaimermsg": true,
    "IsNew": false,
    "amountUnit": "kg",
    "CountryOfOriginISO": "GB",
    "EcoscoreLabel": "D",
    "ShowAlcoholLegalMsg": true,
    "LongName": "SIR EDWARD'S whisky Finest 40,0%vol 70cl",
    "RecentQuanityOfStockUnits": "1,6",
    "AlcoholVolume": "40",
    "FicCode": "E",
    "EcoscoreValue": "38"
  },
  {
    "technicalArticleNumber": "3799711",
    "commercialArticleNumber": "12926",
    "gtin": [
      "05400141473254",
      "15400141108092",
      "05400141108095",
      "15400141473251"
    ],
    "productId": "335582",
    "name": "Bourbon 40%",
    "description": "*Bourbon bl. whiskey\n*\u00c9tats-Unis",
    "brand": "MARIE GALANTE",
    "seoBrand": "Marie Galante",
    "thumbNail": "https://static.colruytgroup.com/images/200x200/std.lang.all/83/15/asset-1648315.jpg",
    "fullImage": "https://static.colruytgroup.com/images/500x500/std.lang.all/83/15/asset-1648315.jpg",
    "squareImage": "https://static.colruytgroup.com/images/500x500sq/std.lang.all/83/15/asset-1648315.jpg",
    "content": "70cl",
    "price": {
      "basicPrice": 14.99,
      "recommendedQuantity": "1.0",
      "measurementUnitPrice": 21.42,
      "measurementUnit": "L",
      "isRedPrice": false,
      "pricePerUOM": 21.42,
      "activationDate": "07-05-2025",
      "recordSource": "Offline",
      "isPromoActive": "N",
      "priceChangeCode": "H",
      "priceReason": "Reaction"
    },
    "isPriceAvailable": true,
    "channelAvailability": [
      "8_BE_STORE",
      "8_LU_STORE",
      "8_BE_COLLECT_NEXT_DAY",
      "8_BE_HOME_DELIVERY_DRIVER"
    ],
    "businessDomain": "RETAIL_BE",
    "walkRouteSequenceNumber": 857,
    "isAvailable": true,
    "inPromo": false,
    "topCategoryName": "Boissons",
    "topCategoryId": "354",
    "categories": [
      {
        "name": "Boissons",
        "id": "354",
        "children": [
          {
            "name": "Alcools/Spiritueux",
            "id": "412",
            "children": [
              {
                "name": "Whisky",
                "id": "413"
              }
            ]
          }
        ]
      }
    ],
    "IsPrivateLabel": true,
    "amount": 0.7,
    "IsBiffe": false,
    "WeightconversionFactor": "0",
    "IsWeightArticle": false,
    "IsBio": false,
    "CountryOfOrigin": "BELGIQUE",
    "IsExclusivelySoldInLuxembourg": false,
    "OrderUnit": "P",
    "ShortName": "MAGA BOURBON 40% 70CL",
    "AlcoholDisclaimermsg": true,
    "IsNew": false,
    "amountUnit": "kg",
    "CountryOfOriginISO": "BE",
    "EcoscoreLabel": "D",
    "ShowAlcoholLegalMsg": true,
    "LongName": "MARIE GALANTE Bourbon 40% 70cl",
    "RecentQuanityOfStockUnits": "1",
    "AlcoholVolume": "39.7",
    "FicCode": "I",
    "EcoscoreValue": "31"
  },
  {
    "technicalArticleNumber": "19159",
    "commercialArticleNumber": "19159",
    "gtin": [
      "05412166080706",
      "05412166080713"
    ],
    "productId": "1510",
    "name": "geni\u00e8vre pommes 20,0%vol",
    "description": "*Geni\u00e8vre\n*20,0 % vol\n*Go\u00fbt: pomme",
    "brand": "FILLIERS",
    "seoBrand": "Filliers",
    "thumbNail": "https://static.colruytgroup.com/images/200x200/std.lang.all/79/74/asset-3187974.jpg",
    "fullImage": "https://static.colruytgroup.com/images/500x500/std.lang.all/79/74/asset-3187974.jpg",
    "squareImage": "https://static.colruytgroup.com/images/500x500sq/std.lang.all/79/74/asset-3187974.jpg",
    "content": "70cl",
    "price": {
      "basicPrice": 14.99,
      "recommendedQuantity": "1.0",
      "measurementUnitPrice": 21.42,
      "measurementUnit": "L",
      "isRedPrice": false,
      "pricePerUOM": 21.42,
      "activationDate": "28-05-2025",
      "recordSource": "Offline",
      "isPromoActive": "N",
      "priceChangeCode": "E",
      "priceReason": "Reaction"
    },
    "isPriceAvailable": true,
    "channelAvailability": [
      "3_BE_STORE",
      "8_BE_STORE",
      "8_LU_STORE",
      "8_BE_COLLECT_NEXT_DAY",
      "8_BE_HOME_DELIVERY",
      "8_BE_HOME_DELIVERY_DRIVER"
    ],
    "businessDomain": "RETAIL_BE",
    "walkRouteSequenceNumber": 893,
    "isAvailable": true,
    "inPromo": false,
    "topCategoryName": "Boissons",
    "topCategoryId": "354",
    "categories": [
      {
        "name": "Boissons",
        "id": "354",
        "children": [
          {
            "name": "Alcools/Spiritueux",
            "id": "412",
            "children": [
              {
                "name": "Geni\u00e8vre",
                "id": "416"
              }
            ]
          }
        ]
      }
    ],
    "IsPrivateLabel": false,
    "amount": 0.7,
    "IsBiffe": false,
    "WeightconversionFactor": "0",
    "IsWeightArticle": false,
    "IsBio": false,
    "CountryOfOrigin": "BELGIQUE",
    "IsExclusivelySoldInLuxembourg": false,
    "OrderUnit": "P",
    "ShortName": "FILLIERS POMMES20D 70CL",
    "AlcoholDisclaimermsg": true,
    "IsNew": false,
    "amountUnit": "kg",
    "CountryOfOriginISO": "BE",
    "EcoscoreLabel": "C",
    "ShowAlcoholLegalMsg": true,
    "LongName": "FILLIERS geni\u00e8vre pommes 20,0%vol 70cl",
    "RecentQuanityOfStockUnits": "1,6",
    "AlcoholVolume": "20",
    "FicCode": "E",
    "EcoscoreValue": "50"
  },
  {
    "technicalArticleNumber": "19162",
    "commercialArticleNumber": "19162",
    "gtin": [
      "05412166070707",
      "05412166070714",
      "05412166070202"
    ],
    "productId": "1512",
    "name": "geni\u00e8vre citron 20,0%vol",
    "description": "*Geni\u00e8vre\n*20,0 % vol\n*Go\u00fbt: citron",
    "brand": "FILLIERS",
    "seoBrand": "Filliers",
    "thumbNail": "https://static.colruytgroup.com/images/200x200/std.lang.all/37/98/asset-3193798.jpg",
    "fullImage": "https://static.colruytgroup.com/images/500x500/std.lang.all/37/98/asset-3193798.jpg",
    "squareImage": "https://static.colruytgroup.com/images/500x500sq/std.lang.all/37/98/asset-3193798.jpg",
    "content": "70cl",
    "price": {
      "basicPrice": 14.99,
      "recommendedQuantity": "1.0",
      "measurementUnitPrice": 21.42,
      "measurementUnit": "L",
      "isRedPrice": false,
      "pricePerUOM": 21.42,
      "activationDate": "27-05-2025",
      "recordSource": "Online",
      "isPromoActive": "N",
      "priceChangeCode": "E",
      "priceReason": "Reaction"
    },
    "isPriceAvailable": true,
    "channelAvailability": [
      "8_BE_STORE",
      "8_LU_STORE",
      "8_BE_COLLECT_NEXT_DAY",
      "8_BE_HOME_DELIVERY",
      "8_BE_HOME_DELIVERY_DRIVER"
    ],
    "businessDomain": "RETAIL_BE",
    "walkRouteSequenceNumber": 891,
    "isAvailable": true,
    "inPromo": false,
    "topCategoryName": "Boissons",
    "topCategoryId": "354",
    "categories": [
      {
        "name": "Boissons",
        "id": "354",
        "children": [
          {
            "name": "Alcools/Spiritueux",
            "id": "412",
            "children": [
              {
                "name": "Geni\u00e8vre",
                "id": "416"
              }
            ]
          }
        ]
      }
    ],
    "IsPrivateLabel": false,
    "amount": 0.7,
    "IsBiffe": false,
    "WeightconversionFactor": "0",
    "IsWeightArticle": false,
    "IsBio": false,
    "CountryOfOrigin": "BELGIQUE",
    "IsExclusivelySoldInLuxembourg": false,
    "OrderUnit": "P",
    "ShortName": "FILLIERS CITRON 20D 70C",
    "AlcoholDisclaimermsg": true,
    "IsNew": false,
    "amountUnit": "kg",
    "CountryOfOriginISO": "BE",
    "EcoscoreLabel": "B",
    "ShowAlcoholLegalMsg": true,
    "LongName": "FILLIERS geni\u00e8vre citron 20,0%vol 70cl",
    "RecentQuanityOfStockUnits": "1,6",
    "AlcoholVolume": "20",
    "FicCode": "E",
    "EcoscoreValue": "73"
  },
  {
    "technicalArticleNumber": "4655155",
    "commercialArticleNumber": "29052",
    "gtin": [
      "08001305114654",
      "08001305114647"
    ],
    "productId": "821399",
    "name": "Arancello 25%",
    "brand": "MARCATI",
    "seoBrand": "Marcati",
    "thumbNail": "https://static.colruytgroup.com/images/200x200/std.lang.all/60/27/asset-2946027.jpg",
    "fullImage": "https://static.colruytgroup.com/images/500x500/std.lang.all/60/27/asset-2946027.jpg",
    "squareImage": "https://static.colruytgroup.com/images/500x500sq/std.lang.all/60/27/asset-2946027.jpg",
    "content": "70cl",
    "price": {
      "basicPrice": 14.99,
      "recommendedQuantity": "1.0",
      "measurementUnitPrice": 21.42,
      "measurementUnit": "L",
      "isRedPrice": false,
      "pricePerUOM": 21.42,
      "activationDate": "27-11-2024",
      "isPromoActive": "N",
      "priceChangeCode": "L",
      "priceReason": "FALLBACK"
    },
    "isPriceAvailable": true,
    "channelAvailability": [
      "8_BE_STORE",
      "8_LU_STORE",
      "8_BE_COLLECT_NEXT_DAY",
      "8_BE_HOME_DELIVERY_DRIVER"
    ],
    "businessDomain": "RETAIL_BE",
    "walkRouteSequenceNumber": 909,
    "isAvailable": true,
    "inPromo": false,
    "topCategoryName": "Boissons",
    "topCategoryId": "354",
    "categories": [
      {
        "name": "Boissons",
        "id": "354",
        "children": [
          {
            "name": "Alcools/Spiritueux",
            "id": "412",
            "children": [
              {
                "name": "Liqueurs",
                "id": "419"
              }
            ]
          }
        ]
      }
    ],
    "IsPrivateLabel": false,
    "amount": 0.7,
    "IsBiffe": false,
    "WeightconversionFactor": "0",
    "IsWeightArticle": false,
    "IsBio": false,
    "CountryOfOrigin": "ITALIE",
    "IsExclusivelySoldInLuxembourg": false,
    "OrderUnit": "P",
    "ShortName": "MARC ARANCELLO 70CL",
    "AlcoholDisclaimermsg": true,
    "IsNew": false,
    "amountUnit": "kg",
    "CountryOfOriginISO": "IT",
    "ShowAlcoholLegalMsg": true,
    "LongName": "MARCATI Arancello 25% 70cl",
    "RecentQuanityOfStockUnits": "1",
    "AlcoholVolume": "25",
    "FicCode": "E"
  },
  {
    "technicalArticleNumber": "18425",
    "commercialArticleNumber": "18425",
    "gtin": [
      "08001110830053",
      "05413585003239",
      "08001110016303",
      "08001110038015",
      "08001110860425",
      "08001110001279"
    ],
    "productId": "1336",
    "name": "Amaretto Originale 28%",
    "description": "*Liqueur\n*Digestif\n*28 % vol",
    "brand": "DISARONNO",
    "seoBrand": "Disaronno",
    "thumbNail": "https://static.colruytgroup.com/images/200x200/std.lang.all/56/98/asset-745698.jpg",
    "fullImage": "https://static.colruytgroup.com/images/500x500/std.lang.all/56/98/asset-745698.jpg",
    "squareImage": "https://static.colruytgroup.com/images/500x500sq/std.lang.all/56/98/asset-745698.jpg",
    "content": "70cl",
    "price": {
      "basicPrice": 15.49,
      "recommendedQuantity": "1.0",
      "measurementUnitPrice": 22.13,
      "measurementUnit": "L",
      "isRedPrice": false,
      "pricePerUOM": 22.13,
      "activationDate": "05-06-2025",
      "recordSource": "Offline",
      "isPromoActive": "N",
      "priceChangeCode": "H",
      "priceReason": "Reaction"
    },
    "isPriceAvailable": true,
    "channelAvailability": [
      "3_BE_STORE",
      "8_BE_STORE",
      "8_LU_STORE",
      "8_BE_COLLECT_NEXT_DAY",
      "8_BE_HOME_DELIVERY",
      "8_BE_HOME_DELIVERY_DRIVER"
    ],
    "businessDomain": "RETAIL_BE",
    "walkRouteSequenceNumber": 925,
    "isAvailable": true,
    "inPromo": false,
    "topCategoryName": "Boissons",
    "topCategoryId": "354",
    "categories": [
      {
        "name": "Boissons",
        "id": "354",
        "children": [
          {
            "name": "Alcools/Spiritueux",
            "id": "412",
            "children": [
              {
                "name": "Liqueurs",
                "id": "419"
              }
            ]
          }
        ]
      }
    ],
    "IsPrivateLabel": false,
    "amount": 0.7,
    "IsBiffe": false,
    "WeightconversionFactor": "0",
    "IsWeightArticle": false,
    "IsBio": false,
    "CountryOfOrigin": "ITALIE",
    "IsExclusivelySoldInLuxembourg": false,
    "OrderUnit": "P",
    "ShortName": "DISA AMARETTO 28% 70CL",
    "AlcoholDisclaimermsg": true,
    "IsNew": false,
    "amountUnit": "kg",
    "CountryOfOriginISO": "IT",
    "EcoscoreLabel": "E",
    "ShowAlcoholLegalMsg": true,
    "LongName": "DISARONNO Amaretto Originale 28% 70cl",
    "RecentQuanityOfStockUnits": "1,6",
    "AlcoholVolume": "28",
    "FicCode": "E",
    "EcoscoreValue": "18"
  },
  {
    "technicalArticleNumber": "1393599",
    "commercialArticleNumber": "19188",
    "gtin": [
      "05412166230170",
      "05412166230071"
    ],
    "productId": "12034",
    "name": "geni\u00e8vre chocolat 17,0%vol",
    "description": "*Geni\u00e8vre\n*17,0 % vol\n*Go\u00fbt: chocolat",
    "brand": "FILLIERS",
    "seoBrand": "Filliers",
    "thumbNail": "https://static.colruytgroup.com/images/200x200/std.lang.all/37/37/asset-3193737.jpg",
    "fullImage": "https://static.colruytgroup.com/images/500x500/std.lang.all/37/37/asset-3193737.jpg",
    "squareImage": "https://static.colruytgroup.com/images/500x500sq/std.lang.all/37/37/asset-3193737.jpg",
    "content": "70cl",
    "price": {
      "basicPrice": 15.5,
      "recommendedQuantity": "1.0",
      "measurementUnitPrice": 22.15,
      "measurementUnit": "L",
      "isRedPrice": false,
      "pricePerUOM": 22.15,
      "activationDate": "08-05-2025",
      "recordSource": "Online",
      "isPromoActive": "N",
      "priceChangeCode": "H",
      "priceReason": "Reaction"
    },
    "isPriceAvailable": true,
    "channelAvailability": [
      "8_BE_STORE",
      "8_LU_STORE",
      "8_BE_COLLECT_NEXT_DAY",
      "8_BE_HOME_DELIVERY",
      "8_BE_HOME_DELIVERY_DRIVER"
    ],
    "businessDomain": "RETAIL_BE",
    "walkRouteSequenceNumber": 889,
    "isAvailable": true,
    "inPromo": false,
    "topCategoryName": "Boissons",
    "topCategoryId": "354",
    "categories": [
      {
        "name": "Boissons",
        "id": "354",
        "children": [
          {
            "name": "Alcools/Spiritueux",
            "id": "412",
            "children": [
              {
                "name": "Geni\u00e8vre",
                "id": "416"
              }
            ]
          }
        ]
      }
    ],
    "IsPrivateLabel": false,
    "amount": 0.7,
    "IsBiffe": false,
    "WeightconversionFactor": "0",
    "IsWeightArticle": false,
    "IsBio": false,
    "CountryOfOrigin": "BELGIQUE",
    "IsExclusivelySoldInLuxembourg": false,
    "OrderUnit": "P",
    "ShortName": "FILL CHOCOLAT 70CL 17",
    "AlcoholDisclaimermsg": true,
    "IsNew": false,
    "amountUnit": "kg",
    "CountryOfOriginISO": "BE",
    "EcoscoreLabel": "B",
    "ShowAlcoholLegalMsg": true,
    "LongName": "FILLIERS geni\u00e8vre chocolat 17,0%vol 70cl",
    "RecentQuanityOfStockUnits": "1",
    "AlcoholVolume": "17",
    "FicCode": "E",
    "EcoscoreValue": "71"
  },
  {
    "technicalArticleNumber": "1378006",
    "commercialArticleNumber": "19245",
    "gtin": [
      "05412166240070",
      "05412166240179"
    ],
    "productId": "10632",
    "name": "geni\u00e8vre vanille 17,0%vol",
    "description": "*Geni\u00e8vre\n*17,0 % vol\n*Go\u00fbt: vanille",
    "brand": "FILLIERS",
    "seoBrand": "Filliers",
    "thumbNail": "https://static.colruytgroup.com/images/200x200/std.lang.all/83/76/asset-3188376.jpg",
    "fullImage": "https://static.colruytgroup.com/images/500x500/std.lang.all/83/76/asset-3188376.jpg",
    "squareImage": "https://static.colruytgroup.com/images/500x500sq/std.lang.all/83/76/asset-3188376.jpg",
    "content": "70cl",
    "price": {
      "basicPrice": 15.5,
      "recommendedQuantity": "1.0",
      "measurementUnitPrice": 22.15,
      "measurementUnit": "L",
      "isRedPrice": false,
      "pricePerUOM": 22.15,
      "activationDate": "08-05-2025",
      "recordSource": "Online",
      "isPromoActive": "N",
      "priceChangeCode": "H",
      "priceReason": "Reaction"
    },
    "isPriceAvailable": true,
    "channelAvailability": [
      "8_BE_STORE",
      "8_LU_STORE",
      "8_BE_COLLECT_NEXT_DAY",
      "8_BE_HOME_DELIVERY",
      "8_BE_HOME_DELIVERY_DRIVER"
    ],
    "businessDomain": "RETAIL_BE",
    "walkRouteSequenceNumber": 887,
    "isAvailable": true,
    "inPromo": false,
    "topCategoryName": "Boissons",
    "topCategoryId": "354",
    "categories": [
      {
        "name": "Boissons",
        "id": "354",
        "children": [
          {
            "name": "Alcools/Spiritueux",
            "id": "412",
            "children": [
              {
                "name": "Geni\u00e8vre",
                "id": "416"
              }
            ]
          }
        ]
      }
    ],
    "IsPrivateLabel": false,
    "amount": 0.7,
    "IsBiffe": false,
    "WeightconversionFactor": "0",
    "IsWeightArticle": false,
    "IsBio": false,
    "CountryOfOrigin": "BELGIQUE",
    "IsExclusivelySoldInLuxembourg": false,
    "OrderUnit": "P",
    "ShortName": "FILLIER VANILLE17D 70CL",
    "AlcoholDisclaimermsg": true,
    "IsNew": false,
    "amountUnit": "kg",
    "CountryOfOriginISO": "BE",
    "EcoscoreLabel": "B",
    "ShowAlcoholLegalMsg": true,
    "LongName": "FILLIERS geni\u00e8vre vanille 17,0%vol 70cl",
    "RecentQuanityOfStockUnits": "1",
    "AlcoholVolume": "17",
    "FicCode": "E",
    "EcoscoreValue": "71"
  },
  {
    "technicalArticleNumber": "18257",
    "commercialArticleNumber": "18257",
    "gtin": [
      "05400141014358",
      "05400141206371",
      "15400141014355",
      "15400141206378"
    ],
    "productId": "1329",
    "name": "Triple Orange 38%",
    "description": "*Liqueur\n*38,0 % vol\n*Go\u00fbt: orange",
    "brand": "MARIE GALANTE",
    "seoBrand": "Marie Galante",
    "thumbNail": "https://static.colruytgroup.com/images/200x200/std.lang.all/41/41/asset-2254141.jpg",
    "fullImage": "https://static.colruytgroup.com/images/500x500/std.lang.all/41/41/asset-2254141.jpg",
    "squareImage": "https://static.colruytgroup.com/images/500x500sq/std.lang.all/41/41/asset-2254141.jpg",
    "content": "70cl",
    "price": {
      "basicPrice": 15.59,
      "recommendedQuantity": "1.0",
      "measurementUnitPrice": 22.28,
      "measurementUnit": "L",
      "isRedPrice": false,
      "pricePerUOM": 22.28,
      "activationDate": "14-11-2023",
      "isPromoActive": "N",
      "priceChangeCode": "E",
      "priceReason": "FALLBACK"
    },
    "isPriceAvailable": true,
    "channelAvailability": [
      "8_BE_STORE",
      "8_LU_STORE",
      "8_BE_COLLECT_NEXT_DAY",
      "8_BE_HOME_DELIVERY_DRIVER"
    ],
    "businessDomain": "RETAIL_BE",
    "walkRouteSequenceNumber": 899,
    "isAvailable": true,
    "inPromo": false,
    "topCategoryName": "Boissons",
    "topCategoryId": "354",
    "categories": [
      {
        "name": "Boissons",
        "id": "354",
        "children": [
          {
            "name": "Alcools/Spiritueux",
            "id": "412",
            "children": [
              {
                "name": "Liqueurs",
                "id": "419"
              }
            ]
          }
        ]
      }
    ],
    "IsPrivateLabel": true,
    "amount": 0.7,
    "IsBiffe": false,
    "WeightconversionFactor": "0",
    "IsWeightArticle": false,
    "IsBio": false,
    "CountryOfOrigin": "BELGIQUE",
    "IsExclusivelySoldInLuxembourg": false,
    "OrderUnit": "P",
    "ShortName": "MARIE GALAN.ORAN 38 70C",
    "AlcoholDisclaimermsg": true,
    "IsNew": false,
    "amountUnit": "kg",
    "CountryOfOriginISO": "BE",
    "EcoscoreLabel": "D",
    "ShowAlcoholLegalMsg": true,
    "LongName": "MARIE GALANTE Triple Orange 38% 70cl",
    "RecentQuanityOfStockUnits": "1",
    "AlcoholVolume": "38",
    "FicCode": "I",
    "EcoscoreValue": "31"
  },
  {
    "technicalArticleNumber": "18039",
    "commercialArticleNumber": "18039",
    "gtin": [
      "05000267014203",
      "05000267014210"
    ],
    "productId": "1316",
    "name": "Red Label 40%",
    "description": "*Scotch blend.whisky\n*\u00c9cosse",
    "brand": "JOHNNIE WALKER",
    "seoBrand": "Johnnie Walker Red Label",
    "thumbNail": "https://ecgproductmw.colruytgroup.com/ecgproductmw/noPicForArticle_2.jpg",
    "fullImage": "https://ecgproductmw.colruytgroup.com/ecgproductmw/noPicForArticle_5.jpg",
    "squareImage": "https://ecgproductmw.colruytgroup.com/ecgproductmw/noPicForArticle_5.jpg",
    "content": "70cl",
    "price": {
      "basicPrice": 15.99,
      "recommendedQuantity": "1.0",
      "measurementUnitPrice": 22.85,
      "measurementUnit": "L",
      "isRedPrice": false,
      "pricePerUOM": 22.85,
      "activationDate": "03-06-2025",
      "recordSource": "Folder",
      "isPromoActive": "N",
      "priceChangeCode": "L",
      "priceReason": "Reaction"
    },
    "isPriceAvailable": true,
    "channelAvailability": [
      "3_BE_STORE",
      "8_BE_STORE",
      "8_LU_STORE",
      "8_BE_COLLECT_NEXT_DAY",
      "8_BE_HOME_DELIVERY",
      "8_BE_HOME_DELIVERY_DRIVER"
    ],
    "businessDomain": "RETAIL_BE",
    "walkRouteSequenceNumber": 854,
    "isAvailable": true,
    "inPromo": false,
    "topCategoryName": "Boissons",
    "topCategoryId": "354",
    "categories": [
      {
        "name": "Boissons",
        "id": "354",
        "children": [
          {
            "name": "Alcools/Spiritueux",
            "id": "412",
            "children": [
              {
                "name": "Whisky",
                "id": "413"
              }
            ]
          }
        ]
      }
    ],
    "IsPrivateLabel": false,
    "amount": 0.7,
    "IsBiffe": false,
    "WeightconversionFactor": "0",
    "IsWeightArticle": false,
    "IsBio": false,
    "CountryOfOrigin": "ROYAUME-UNI",
    "IsExclusivelySoldInLuxembourg": false,
    "OrderUnit": "P",
    "ShortName": "J WALKER RED 40% 70CL",
    "AlcoholDisclaimermsg": true,
    "IsNew": false,
    "amountUnit": "kg",
    "CountryOfOriginISO": "GB",
    "EcoscoreLabel": "C",
    "ShowAlcoholLegalMsg": true,
    "LongName": "JOHNNIE WALKER Red Label 40% 70cl",
    "RecentQuanityOfStockUnits": "6,1",
    "AlcoholVolume": "40",
    "FicCode": "E",
    "EcoscoreValue": "51"
  },
  {
    "technicalArticleNumber": "18811",
    "commercialArticleNumber": "18811",
    "gtin": [
      "08410414000466",
      "03011938004470",
      "05010677801539",
      "07610113005293"
    ],
    "productId": "1371",
    "name": "Premium Vodka 37,5%",
    "description": "*Vodka\n*Base pour cocktail\n*37,5 % vol",
    "brand": "ERISTOFF",
    "seoBrand": "Eristoff",
    "thumbNail": "https://static.colruytgroup.com/images/200x200/std.lang.all/76/01/asset-3217601.jpg",
    "fullImage": "https://static.colruytgroup.com/images/500x500/std.lang.all/76/01/asset-3217601.jpg",
    "squareImage": "https://static.colruytgroup.com/images/500x500sq/std.lang.all/76/01/asset-3217601.jpg",
    "content": "70cl",
    "price": {
      "basicPrice": 15.99,
      "recommendedQuantity": "1.0",
      "measurementUnitPrice": 22.85,
      "measurementUnit": "L",
      "isRedPrice": false,
      "pricePerUOM": 22.85,
      "activationDate": "05-06-2025",
      "recordSource": "Offline",
      "isPromoActive": "N",
      "priceChangeCode": "E",
      "priceReason": "Reaction"
    },
    "isPriceAvailable": true,
    "channelAvailability": [
      "3_BE_STORE",
      "8_BE_STORE",
      "8_LU_STORE",
      "8_BE_COLLECT_NEXT_DAY",
      "8_BE_HOME_DELIVERY",
      "8_BE_HOME_DELIVERY_DRIVER"
    ],
    "businessDomain": "RETAIL_BE",
    "walkRouteSequenceNumber": 821,
    "isAvailable": true,
    "inPromo": false,
    "topCategoryName": "Boissons",
    "topCategoryId": "354",
    "categories": [
      {
        "name": "Boissons",
        "id": "354",
        "children": [
          {
            "name": "Alcools/Spiritueux",
            "id": "412",
            "children": [
              {
                "name": "Vodka",
                "id": "418"
              }
            ]
          }
        ]
      }
    ],
    "IsPrivateLabel": false,
    "amount": 0.7,
    "IsBiffe": false,
    "IsWeightArticle": false,
    "WeightconversionFactor": "0",
    "IsBio": false,
    "CountryOfOrigin": "FRANCE",
    "IsExclusivelySoldInLuxembourg": false,
    "OrderUnit": "P",
    "AlcoholDisclaimermsg": true,
    "ShortName": "ERISTOF VODKA 37.5% 70C",
    "IsNew": false,
    "amountUnit": "kg",
    "CountryOfOriginISO": "FR",
    "servings": 23.3,
    "EcoscoreLabel": "C",
    "ShowAlcoholLegalMsg": true,
    "LongName": "ERISTOFF Premium Vodka 37,5% 70cl",
    "RecentQuanityOfStockUnits": "1,6",
    "AlcoholVolume": "37.5",
    "FicCode": "E",
    "EcoscoreValue": "51"
  },
  {
    "technicalArticleNumber": "2388700",
    "commercialArticleNumber": "7970",
    "gtin": [
      "03147691258710",
      "03147690051206",
      "03147691012800",
      "03147691296842"
    ],
    "productId": "55989",
    "name": "whisky Classic Black 40%",
    "description": "*Scotch blend.whisky\n*\u00c9cosse",
    "brand": "LABEL 5",
    "seoBrand": "Label 5",
    "thumbNail": "https://static.colruytgroup.com/images/200x200/std.lang.all/79/27/asset-2287927.jpg",
    "fullImage": "https://static.colruytgroup.com/images/500x500/std.lang.all/79/27/asset-2287927.jpg",
    "squareImage": "https://static.colruytgroup.com/images/500x500sq/std.lang.all/79/27/asset-2287927.jpg",
    "content": "70cl",
    "price": {
      "basicPrice": 15.99,
      "recommendedQuantity": "1.0",
      "measurementUnitPrice": 22.85,
      "measurementUnit": "L",
      "isRedPrice": false,
      "pricePerUOM": 22.85,
      "activationDate": "24-04-2025",
      "recordSource": "Offline",
      "isPromoActive": "N",
      "priceChangeCode": "E",
      "priceReason": "Reaction"
    },
    "isPriceAvailable": true,
    "channelAvailability": [
      "3_BE_STORE",
      "8_BE_STORE",
      "8_LU_STORE",
      "8_BE_COLLECT_NEXT_DAY",
      "8_BE_HOME_DELIVERY",
      "8_BE_HOME_DELIVERY_DRIVER"
    ],
    "businessDomain": "RETAIL_BE",
    "walkRouteSequenceNumber": 840,
    "isAvailable": true,
    "inPromo": false,
    "topCategoryName": "Boissons",
    "topCategoryId": "354",
    "categories": [
      {
        "name": "Boissons",
        "id": "354",
        "children": [
          {
            "name": "Alcools/Spiritueux",
            "id": "412",
            "children": [
              {
                "name": "Whisky",
                "id": "413"
              }
            ]
          }
        ]
      }
    ],
    "IsPrivateLabel": false,
    "amount": 0.7,
    "IsBiffe": false,
    "WeightconversionFactor": "0",
    "IsWeightArticle": false,
    "IsBio": false,
    "CountryOfOrigin": "FRANCE",
    "IsExclusivelySoldInLuxembourg": false,
    "OrderUnit": "P",
    "ShortName": "LABEL 5 WHISKY 70CL 40",
    "AlcoholDisclaimermsg": true,
    "IsNew": false,
    "amountUnit": "kg",
    "CountryOfOriginISO": "FR",
    "EcoscoreLabel": "D",
    "ShowAlcoholLegalMsg": true,
    "LongName": "LABEL 5 whisky Classic Black 40% 70cl",
    "RecentQuanityOfStockUnits": "6,1",
    "AlcoholVolume": "40",
    "FicCode": "E",
    "EcoscoreValue": "38"
  },
  {
    "technicalArticleNumber": "4716914",
    "commercialArticleNumber": "1559",
    "gtin": [
      "00520125600065",
      "05201256000089"
    ],
    "productId": "864876",
    "name": "37,5%",
    "description": "*Boisson anis\u00e9e\ngrecque\n*37,5% vol",
    "brand": "OUZO KEFI",
    "seoBrand": "Ouzo Kefi",
    "thumbNail": "https://static.colruytgroup.com/images/200x200/std.lang.all/83/32/asset-3188332.jpg",
    "fullImage": "https://static.colruytgroup.com/images/500x500/std.lang.all/83/32/asset-3188332.jpg",
    "squareImage": "https://static.colruytgroup.com/images/500x500sq/std.lang.all/83/32/asset-3188332.jpg",
    "content": "70cl",
    "price": {
      "basicPrice": 15.99,
      "recommendedQuantity": "1.0",
      "measurementUnitPrice": 22.85,
      "measurementUnit": "L",
      "isRedPrice": false,
      "pricePerUOM": 22.85,
      "activationDate": "12-05-2025",
      "recordSource": "Offline",
      "isPromoActive": "N",
      "priceChangeCode": "E",
      "priceReason": "Reaction"
    },
    "isPriceAvailable": true,
    "channelAvailability": [
      "8_BE_STORE",
      "8_LU_STORE",
      "8_BE_COLLECT_NEXT_DAY",
      "8_BE_HOME_DELIVERY",
      "8_BE_HOME_DELIVERY_DRIVER"
    ],
    "businessDomain": "RETAIL_BE",
    "walkRouteSequenceNumber": 968,
    "isAvailable": true,
    "inPromo": false,
    "topCategoryName": "Boissons",
    "topCategoryId": "354",
    "categories": [
      {
        "name": "Boissons",
        "id": "354",
        "children": [
          {
            "name": "Alcools/Spiritueux",
            "id": "412",
            "children": [
              {
                "name": "Autres alcools",
                "id": "751"
              }
            ]
          }
        ]
      }
    ],
    "IsPrivateLabel": false,
    "amount": 0.7,
    "IsBiffe": false,
    "WeightconversionFactor": "0",
    "IsWeightArticle": false,
    "IsBio": false,
    "CountryOfOrigin": "GR\u00c8CE",
    "IsExclusivelySoldInLuxembourg": false,
    "OrderUnit": "P",
    "ShortName": "OUKE OUZO 37.5% 70CL",
    "AlcoholDisclaimermsg": true,
    "IsNew": false,
    "amountUnit": "kg",
    "CountryOfOriginISO": "GR",
    "ShowAlcoholLegalMsg": true,
    "LongName": "OUZO KEFI 37,5% 70cl",
    "RecentQuanityOfStockUnits": "1",
    "AlcoholVolume": "37.5",
    "FicCode": "E"
  },
  {
    "technicalArticleNumber": "4738779",
    "commercialArticleNumber": "1618",
    "gtin": [
      "05415200003914",
      "05415200003921"
    ],
    "productId": "881391",
    "name": "Geni\u00e8vre pomme verte 20%",
    "description": "*Geni\u00e8vre\n*17,0 % vol\n*Go\u00fbt: vanille",
    "brand": "FILLIERS",
    "seoBrand": "Filliers",
    "thumbNail": "https://static.colruytgroup.com/images/200x200/std.lang.all/45/50/asset-3324550.jpg",
    "fullImage": "https://static.colruytgroup.com/images/500x500/std.lang.all/45/50/asset-3324550.jpg",
    "squareImage": "https://static.colruytgroup.com/images/500x500sq/std.lang.all/45/50/asset-3324550.jpg",
    "content": "70cl",
    "price": {
      "basicPrice": 15.99,
      "recommendedQuantity": "1.0",
      "measurementUnitPrice": 22.85,
      "measurementUnit": "L",
      "isRedPrice": false,
      "pricePerUOM": 22.85,
      "activationDate": "24-05-2025",
      "recordSource": "Offline",
      "isPromoActive": "N",
      "priceChangeCode": "H",
      "priceReason": "Reaction"
    },
    "isPriceAvailable": true,
    "channelAvailability": [
      "8_BE_STORE",
      "8_LU_STORE",
      "8_BE_COLLECT_NEXT_DAY",
      "8_BE_HOME_DELIVERY",
      "8_BE_HOME_DELIVERY_DRIVER"
    ],
    "businessDomain": "RETAIL_BE",
    "walkRouteSequenceNumber": 888,
    "isAvailable": true,
    "inPromo": false,
    "topCategoryName": "Boissons",
    "topCategoryId": "354",
    "categories": [
      {
        "name": "Boissons",
        "id": "354",
        "children": [
          {
            "name": "Alcools/Spiritueux",
            "id": "412",
            "children": [
              {
                "name": "Geni\u00e8vre",
                "id": "416"
              }
            ]
          }
        ]
      }
    ],
    "IsPrivateLabel": false,
    "amount": 0.7,
    "IsBiffe": false,
    "WeightconversionFactor": "0",
    "IsWeightArticle": false,
    "IsBio": false,
    "CountryOfOrigin": "BELGIQUE",
    "IsExclusivelySoldInLuxembourg": false,
    "OrderUnit": "P",
    "ShortName": "FILL GENIEV.POMME VE70C",
    "AlcoholDisclaimermsg": true,
    "IsNew": false,
    "amountUnit": "kg",
    "CountryOfOriginISO": "BE",
    "EcoscoreLabel": "C",
    "ShowAlcoholLegalMsg": true,
    "LongName": "FILLIERS Geni\u00e8vre pomme verte 20% 70cl",
    "RecentQuanityOfStockUnits": "1",
    "AlcoholVolume": "20",
    "FicCode": "E",
    "EcoscoreValue": "50"
  },
  {
    "technicalArticleNumber": "3965230",
    "commercialArticleNumber": "2768",
    "gtin": [
      "05400141072273",
      "15400141072270",
      "35400141857079",
      "05400141857078"
    ],
    "productId": "427234",
    "name": "vieux geni\u00e8vre 35%",
    "description": "*35 % vol",
    "brand": "MARIE GALANTE",
    "seoBrand": "Marie Galante",
    "thumbNail": "https://static.colruytgroup.com/images/200x200/std.lang.all/42/05/asset-1804205.jpg",
    "fullImage": "https://static.colruytgroup.com/images/500x500/std.lang.all/42/05/asset-1804205.jpg",
    "squareImage": "https://static.colruytgroup.com/images/500x500sq/std.lang.all/42/05/asset-1804205.jpg",
    "content": "1L",
    "price": {
      "basicPrice": 15.99,
      "recommendedQuantity": "1.0",
      "measurementUnitPrice": 15.99,
      "measurementUnit": "L",
      "isRedPrice": false,
      "pricePerUOM": 15.99,
      "activationDate": "23-04-2025",
      "recordSource": "Offline",
      "isPromoActive": "N",
      "priceChangeCode": "E",
      "priceReason": "Reaction"
    },
    "isPriceAvailable": true,
    "channelAvailability": [
      "8_BE_STORE",
      "8_LU_STORE",
      "8_BE_COLLECT_NEXT_DAY",
      "8_BE_HOME_DELIVERY_DRIVER"
    ],
    "businessDomain": "RETAIL_BE",
    "walkRouteSequenceNumber": 880,
    "isAvailable": true,
    "inPromo": false,
    "topCategoryName": "Boissons",
    "topCategoryId": "354",
    "categories": [
      {
        "name": "Boissons",
        "id": "354",
        "children": [
          {
            "name": "Alcools/Spiritueux",
            "id": "412",
            "children": [
              {
                "name": "Geni\u00e8vre",
                "id": "416"
              }
            ]
          }
        ]
      }
    ],
    "IsPrivateLabel": true,
    "amount": {
      "source": "1.0",
      "parsedValue": 1
    },
    "IsBiffe": false,
    "WeightconversionFactor": "0",
    "IsWeightArticle": false,
    "IsBio": false,
    "CountryOfOrigin": "BELGIQUE",
    "IsExclusivelySoldInLuxembourg": false,
    "OrderUnit": "P",
    "ShortName": "MAGA VIEUX GEN. 35% 1L",
    "AlcoholDisclaimermsg": true,
    "IsNew": false,
    "amountUnit": "kg",
    "CountryOfOriginISO": "BE",
    "EcoscoreLabel": "C",
    "ShowAlcoholLegalMsg": true,
    "LongName": "MARIE GALANTE vieux geni\u00e8vre 35% 1L",
    "RecentQuanityOfStockUnits": "1,6",
    "AlcoholVolume": "34.7",
    "FicCode": "I",
    "EcoscoreValue": "51"
  },
  {
    "technicalArticleNumber": "18047",
    "commercialArticleNumber": "18047",
    "gtin": [
      "05010752000307",
      "05010752001038",
      "05010752001045",
      "05410098608708",
      "05410098615423",
      "07640171036311"
    ],
    "productId": "1320",
    "name": "whisky 40,0%",
    "description": "*Scotch blend.whisky\n*\u00c9cosse",
    "brand": "WILLIAM LAWSON'S",
    "seoBrand": "William Lawson's",
    "thumbNail": "https://static.colruytgroup.com/images/200x200/std.lang.all/84/25/asset-1898425.jpg",
    "fullImage": "https://static.colruytgroup.com/images/500x500/std.lang.all/84/25/asset-1898425.jpg",
    "squareImage": "https://static.colruytgroup.com/images/500x500sq/std.lang.all/84/25/asset-1898425.jpg",
    "content": "70cl",
    "price": {
      "basicPrice": 16.45,
      "recommendedQuantity": "1.0",
      "measurementUnitPrice": 23.5,
      "measurementUnit": "L",
      "isRedPrice": false,
      "pricePerUOM": 23.5,
      "activationDate": "23-05-2025",
      "recordSource": "Offline",
      "isPromoActive": "N",
      "priceChangeCode": "L",
      "priceReason": "Reaction"
    },
    "isPriceAvailable": true,
    "channelAvailability": [
      "3_BE_STORE",
      "8_BE_STORE",
      "8_LU_STORE",
      "8_BE_COLLECT_NEXT_DAY",
      "8_BE_HOME_DELIVERY",
      "8_BE_HOME_DELIVERY_DRIVER"
    ],
    "businessDomain": "RETAIL_BE",
    "walkRouteSequenceNumber": 837,
    "isAvailable": true,
    "inPromo": false,
    "topCategoryName": "Boissons",
    "topCategoryId": "354",
    "categories": [
      {
        "name": "Boissons",
        "id": "354",
        "children": [
          {
            "name": "Alcools/Spiritueux",
            "id": "412",
            "children": [
              {
                "name": "Whisky",
                "id": "413"
              }
            ]
          }
        ]
      }
    ],
    "IsPrivateLabel": false,
    "amount": 0.7,
    "IsBiffe": false,
    "WeightconversionFactor": "0",
    "IsWeightArticle": false,
    "IsBio": false,
    "CountryOfOrigin": "ROYAUME-UNI",
    "IsExclusivelySoldInLuxembourg": false,
    "OrderUnit": "P",
    "ShortName": "WHISK W LAWSON 40% 70CL",
    "AlcoholDisclaimermsg": true,
    "IsNew": false,
    "amountUnit": "kg",
    "CountryOfOriginISO": "GB",
    "EcoscoreLabel": "C",
    "ShowAlcoholLegalMsg": true,
    "LongName": "WILLIAM LAWSON'S whisky 40,0% 70cl",
    "RecentQuanityOfStockUnits": "12,1",
    "AlcoholVolume": "40",
    "FicCode": "E",
    "EcoscoreValue": "51"
  },
  {
    "technicalArticleNumber": "2387797",
    "commercialArticleNumber": "7856",
    "gtin": [
      "03147691303410",
      "03147691297764",
      "03147691281589",
      "03147691247363",
      "03147690061007",
      "03147691302512",
      "03147691306053",
      "03147691015955"
    ],
    "productId": "54174",
    "name": "Vodka 37,5%",
    "description": "*Vodka\n*Base pour cocktail\n*37,5 % vol",
    "brand": "POLIAKOV",
    "seoBrand": "Poliakov",
    "thumbNail": "https://static.colruytgroup.com/images/200x200/std.lang.all/13/87/asset-3611387.jpg",
    "fullImage": "https://static.colruytgroup.com/images/500x500/std.lang.all/13/87/asset-3611387.jpg",
    "squareImage": "https://static.colruytgroup.com/images/500x500sq/std.lang.all/13/87/asset-3611387.jpg",
    "content": "70cl",
    "price": {
      "basicPrice": 16.49,
      "recommendedQuantity": "1.0",
      "measurementUnitPrice": 23.56,
      "measurementUnit": "L",
      "isRedPrice": false,
      "pricePerUOM": 23.56,
      "activationDate": "24-04-2025",
      "recordSource": "Offline",
      "isPromoActive": "N",
      "priceChangeCode": "E",
      "priceReason": "Reaction"
    },
    "isPriceAvailable": true,
    "channelAvailability": [
      "3_BE_STORE",
      "8_BE_STORE",
      "8_LU_STORE",
      "8_BE_COLLECT_NEXT_DAY",
      "8_BE_HOME_DELIVERY",
      "8_BE_HOME_DELIVERY_DRIVER"
    ],
    "businessDomain": "RETAIL_BE",
    "walkRouteSequenceNumber": 823,
    "isAvailable": true,
    "inPromo": false,
    "topCategoryName": "Boissons",
    "topCategoryId": "354",
    "categories": [
      {
        "name": "Boissons",
        "id": "354",
        "children": [
          {
            "name": "Alcools/Spiritueux",
            "id": "412",
            "children": [
              {
                "name": "Vodka",
                "id": "418"
              }
            ]
          }
        ]
      }
    ],
    "IsPrivateLabel": false,
    "amount": 0.7,
    "IsBiffe": false,
    "WeightconversionFactor": "0",
    "IsWeightArticle": false,
    "IsBio": false,
    "CountryOfOrigin": "FRANCE",
    "IsExclusivelySoldInLuxembourg": false,
    "OrderUnit": "P",
    "ShortName": "POLI VODKA 37.5% 70CL",
    "AlcoholDisclaimermsg": true,
    "IsNew": false,
    "amountUnit": "kg",
    "CountryOfOriginISO": "FR",
    "EcoscoreLabel": "D",
    "ShowAlcoholLegalMsg": true,
    "LongName": "POLIAKOV Vodka 37,5% 70cl",
    "RecentQuanityOfStockUnits": "1,6",
    "AlcoholVolume": "37.5",
    "FicCode": "E",
    "EcoscoreValue": "38"
  },
  {
    "technicalArticleNumber": "4885131",
    "commercialArticleNumber": "22671",
    "gtin": [
      "07610113029848",
      "07610113029527"
    ],
    "productId": "1262609",
    "name": "Vodka Watermelon 18%",
    "brand": "ERISTOFF",
    "seoBrand": "Eristoff",
    "thumbNail": "https://static.colruytgroup.com/images/200x200/std.lang.all/27/39/asset-3822739.jpg",
    "fullImage": "https://static.colruytgroup.com/images/500x500/std.lang.all/27/39/asset-3822739.jpg",
    "squareImage": "https://static.colruytgroup.com/images/500x500sq/std.lang.all/27/39/asset-3822739.jpg",
    "content": "70cl",
    "price": {
      "basicPrice": 16.49,
      "recommendedQuantity": "1.0",
      "measurementUnitPrice": 23.56,
      "measurementUnit": "L",
      "isRedPrice": false,
      "pricePerUOM": 23.56,
      "activationDate": "21-05-2025",
      "recordSource": "Online",
      "isPromoActive": "N",
      "priceChangeCode": "L",
      "priceReason": "Reaction"
    },
    "isPriceAvailable": true,
    "channelAvailability": [
      "8_BE_STORE",
      "8_LU_STORE",
      "8_BE_COLLECT_NEXT_DAY",
      "8_BE_HOME_DELIVERY",
      "8_BE_HOME_DELIVERY_DRIVER"
    ],
    "businessDomain": "RETAIL_BE",
    "walkRouteSequenceNumber": 810,
    "isAvailable": true,
    "inPromo": false,
    "topCategoryName": "Boissons",
    "topCategoryId": "354",
    "categories": [
      {
        "name": "Boissons",
        "id": "354",
        "children": [
          {
            "name": "Alcools/Spiritueux",
            "id": "412",
            "children": [
              {
                "name": "Vodka",
                "id": "418"
              }
            ]
          }
        ]
      }
    ],
    "IsPrivateLabel": false,
    "amount": 0.7,
    "IsBiffe": false,
    "IsWeightArticle": false,
    "WeightconversionFactor": "0",
    "IsBio": false,
    "CountryOfOrigin": "FRANCE",
    "IsExclusivelySoldInLuxembourg": false,
    "OrderUnit": "P",
    "AlcoholDisclaimermsg": true,
    "ShortName": "ERIS WATERMELON18% 70CL",
    "IsNew": false,
    "amountUnit": "kg",
    "CountryOfOriginISO": "FR",
    "servings": 23.3,
    "EcoscoreLabel": "D",
    "ShowAlcoholLegalMsg": true,
    "LongName": "ERISTOFF Vodka Watermelon 18% 70cl",
    "RecentQuanityOfStockUnits": "1,6",
    "AlcoholVolume": "18",
    "FicCode": "E",
    "EcoscoreValue": "31"
  },
  {
    "technicalArticleNumber": "3824482",
    "commercialArticleNumber": "40879",
    "gtin": [
      "05400141206135",
      "15400141206132"
    ],
    "productId": "345992",
    "name": "Brandy Napoleon 36%",
    "description": "*Brandy\n*36 % vol",
    "brand": "MARIE GALANTE",
    "seoBrand": "Marie Galante",
    "thumbNail": "https://static.colruytgroup.com/images/200x200/std.lang.all/13/29/asset-1591329.jpg",
    "fullImage": "https://static.colruytgroup.com/images/500x500/std.lang.all/13/29/asset-1591329.jpg",
    "squareImage": "https://static.colruytgroup.com/images/500x500sq/std.lang.all/13/29/asset-1591329.jpg",
    "content": "70cl",
    "price": {
      "basicPrice": 16.69,
      "recommendedQuantity": "1.0",
      "measurementUnitPrice": 23.85,
      "measurementUnit": "L",
      "isRedPrice": false,
      "pricePerUOM": 23.85,
      "activationDate": "12-04-2025",
      "recordSource": "Offline",
      "isPromoActive": "N",
      "priceChangeCode": "E",
      "priceReason": "Reaction"
    },
    "isPriceAvailable": true,
    "channelAvailability": [
      "8_BE_STORE",
      "8_LU_STORE",
      "8_BE_COLLECT_NEXT_DAY",
      "8_BE_HOME_DELIVERY_DRIVER"
    ],
    "businessDomain": "RETAIL_BE",
    "walkRouteSequenceNumber": 870,
    "isAvailable": true,
    "inPromo": false,
    "topCategoryName": "Boissons",
    "topCategoryId": "354",
    "categories": [
      {
        "name": "Boissons",
        "id": "354",
        "children": [
          {
            "name": "Alcools/Spiritueux",
            "id": "412",
            "children": [
              {
                "name": "Cognac",
                "id": "414"
              }
            ]
          }
        ]
      }
    ],
    "IsPrivateLabel": true,
    "amount": 0.7,
    "IsBiffe": false,
    "WeightconversionFactor": "0",
    "IsWeightArticle": false,
    "IsBio": false,
    "CountryOfOrigin": "FRANCE",
    "IsExclusivelySoldInLuxembourg": false,
    "OrderUnit": "P",
    "ShortName": "MAGA BRANDY NAP 36% 70C",
    "AlcoholDisclaimermsg": true,
    "IsNew": false,
    "amountUnit": "kg",
    "CountryOfOriginISO": "FR",
    "EcoscoreLabel": "C",
    "ShowAlcoholLegalMsg": true,
    "LongName": "MARIE GALANTE Brandy Napoleon 36% 70cl",
    "RecentQuanityOfStockUnits": "1",
    "AlcoholVolume": "36",
    "FicCode": "I",
    "EcoscoreValue": "50"
  },
  {
    "technicalArticleNumber": "4731879",
    "commercialArticleNumber": "4209",
    "gtin": [
      "07610113014479",
      "07610113022207"
    ],
    "productId": "876630",
    "name": "Vodka Passion Fruit 18%",
    "brand": "ERISTOFF",
    "seoBrand": "Eristoff",
    "thumbNail": "https://static.colruytgroup.com/images/200x200/std.lang.all/54/73/asset-3285473.jpg",
    "fullImage": "https://static.colruytgroup.com/images/500x500/std.lang.all/54/73/asset-3285473.jpg",
    "squareImage": "https://static.colruytgroup.com/images/500x500sq/std.lang.all/54/73/asset-3285473.jpg",
    "content": "70cl",
    "price": {
      "basicPrice": 16.85,
      "recommendedQuantity": "1.0",
      "measurementUnitPrice": 24.08,
      "measurementUnit": "L",
      "isRedPrice": false,
      "pricePerUOM": 24.08,
      "activationDate": "15-05-2025",
      "recordSource": "Offline",
      "isPromoActive": "N",
      "priceChangeCode": "E",
      "priceReason": "Reaction"
    },
    "isPriceAvailable": true,
    "channelAvailability": [
      "8_BE_STORE",
      "8_LU_STORE",
      "8_BE_COLLECT_NEXT_DAY",
      "8_BE_HOME_DELIVERY_DRIVER"
    ],
    "businessDomain": "RETAIL_BE",
    "walkRouteSequenceNumber": 813,
    "isAvailable": true,
    "inPromo": false,
    "topCategoryName": "Boissons",
    "topCategoryId": "354",
    "categories": [
      {
        "name": "Boissons",
        "id": "354",
        "children": [
          {
            "name": "Alcools/Spiritueux",
            "id": "412",
            "children": [
              {
                "name": "Vodka",
                "id": "418"
              }
            ]
          }
        ]
      }
    ],
    "IsPrivateLabel": false,
    "amount": 0.7,
    "IsBiffe": false,
    "IsWeightArticle": false,
    "WeightconversionFactor": "0",
    "IsBio": false,
    "CountryOfOrigin": "FRANCE",
    "IsExclusivelySoldInLuxembourg": false,
    "OrderUnit": "P",
    "AlcoholDisclaimermsg": true,
    "ShortName": "ERIS PASSION FRUIT 70CL",
    "IsNew": false,
    "amountUnit": "kg",
    "CountryOfOriginISO": "FR",
    "servings": 23.3,
    "EcoscoreLabel": "C",
    "ShowAlcoholLegalMsg": true,
    "LongName": "ERISTOFF Vodka Passion Fruit 18% 70cl",
    "RecentQuanityOfStockUnits": "1",
    "AlcoholVolume": "18",
    "FicCode": "E",
    "EcoscoreValue": "51"
  },
  {
    "technicalArticleNumber": "3089659",
    "commercialArticleNumber": "40929",
    "gtin": [
      "03263281736427",
      "03263280110280",
      "03263281737868"
    ],
    "productId": "103894",
    "name": "Lond.Dry Gin 40,0%vol",
    "description": "*Floral-\u00e9pic\u00e9\n*Tonic \u00e9pic\u00e9\n*Garn. myrtille\n*France",
    "brand": "BLEU D'ARGENT",
    "seoBrand": "Bleu d'Argent",
    "thumbNail": "https://static.colruytgroup.com/images/200x200/std.lang.all/83/64/asset-368364.jpg",
    "fullImage": "https://static.colruytgroup.com/images/500x500/std.lang.all/83/64/asset-368364.jpg",
    "squareImage": "https://static.colruytgroup.com/images/500x500sq/std.lang.all/83/64/asset-368364.jpg",
    "content": "70cl",
    "price": {
      "basicPrice": 16.99,
      "recommendedQuantity": "1.0",
      "measurementUnitPrice": 24.28,
      "measurementUnit": "L",
      "isRedPrice": false,
      "pricePerUOM": 24.28,
      "activationDate": "21-05-2025",
      "isPromoActive": "N",
      "priceChangeCode": "H",
      "priceReason": "FALLBACK"
    },
    "isPriceAvailable": true,
    "channelAvailability": [
      "8_BE_STORE",
      "8_LU_STORE",
      "8_BE_COLLECT_NEXT_DAY",
      "8_BE_HOME_DELIVERY",
      "8_BE_HOME_DELIVERY_DRIVER"
    ],
    "businessDomain": "RETAIL_BE",
    "walkRouteSequenceNumber": 735,
    "isAvailable": true,
    "inPromo": false,
    "topCategoryName": "Boissons",
    "topCategoryId": "354",
    "categories": [
      {
        "name": "Boissons",
        "id": "354",
        "children": [
          {
            "name": "Alcools/Spiritueux",
            "id": "412",
            "children": [
              {
                "name": "Gin",
                "id": "1555"
              }
            ]
          }
        ]
      }
    ],
    "IsPrivateLabel": false,
    "amount": 0.7,
    "IsBiffe": false,
    "IsWeightArticle": false,
    "WeightconversionFactor": "0",
    "IsBio": false,
    "CountryOfOrigin": "BELGIQUE",
    "IsExclusivelySoldInLuxembourg": false,
    "OrderUnit": "P",
    "AlcoholDisclaimermsg": true,
    "InSeason": true,
    "ShortName": "BLEU D ARGENT GIN 70CL",
    "IsNew": false,
    "amountUnit": "kg",
    "CountryOfOriginISO": "BE",
    "EcoscoreLabel": "D",
    "ShowAlcoholLegalMsg": true,
    "LongName": "BLEU D'ARGENT Lond.Dry Gin 40,0%vol 70cl",
    "RecentQuanityOfStockUnits": "1",
    "AlcoholVolume": "40",
    "StartSeasonDate": "06/03/2014",
    "FicCode": "E",
    "EcoscoreValue": "38"
  },
  {
    "technicalArticleNumber": "2508245",
    "commercialArticleNumber": "9682",
    "gtin": [
      "05000299223000",
      "05000299223017",
      "05400141278736"
    ],
    "productId": "44713",
    "name": "Spiced Gold 35,0%vol",
    "description": "*Rhum \u00e9pic\u00e9\n*Rhum traditionnel\n*Jama\u00efque",
    "brand": "CAPTAIN MORGAN",
    "seoBrand": "Captain Morgan",
    "thumbNail": "https://static.colruytgroup.com/images/200x200/std.lang.all/76/03/asset-3217603.jpg",
    "fullImage": "https://static.colruytgroup.com/images/500x500/std.lang.all/76/03/asset-3217603.jpg",
    "squareImage": "https://static.colruytgroup.com/images/500x500sq/std.lang.all/76/03/asset-3217603.jpg",
    "content": "70cl",
    "price": {
      "basicPrice": 16.99,
      "recommendedQuantity": "1.0",
      "measurementUnitPrice": 24.28,
      "measurementUnit": "L",
      "isRedPrice": false,
      "pricePerUOM": 24.28,
      "activationDate": "23-05-2025",
      "recordSource": "Offline",
      "isPromoActive": "N",
      "priceChangeCode": "H",
      "priceReason": "Reaction"
    },
    "isPriceAvailable": true,
    "channelAvailability": [
      "3_BE_STORE",
      "8_BE_STORE",
      "8_LU_STORE",
      "8_BE_COLLECT_NEXT_DAY",
      "8_BE_HOME_DELIVERY",
      "8_BE_HOME_DELIVERY_DRIVER"
    ],
    "businessDomain": "RETAIL_BE",
    "walkRouteSequenceNumber": 794,
    "isAvailable": true,
    "inPromo": false,
    "topCategoryName": "Boissons",
    "topCategoryId": "354",
    "categories": [
      {
        "name": "Boissons",
        "id": "354",
        "children": [
          {
            "name": "Alcools/Spiritueux",
            "id": "412",
            "children": [
              {
                "name": "Rhum",
                "id": "1554"
              }
            ]
          }
        ]
      }
    ],
    "IsPrivateLabel": false,
    "amount": 0.7,
    "IsBiffe": false,
    "WeightconversionFactor": "0",
    "IsWeightArticle": false,
    "IsBio": false,
    "CountryOfOrigin": "ROYAUME-UNI",
    "IsExclusivelySoldInLuxembourg": false,
    "OrderUnit": "P",
    "ShortName": "CAPT. MORG RHUM70C 35",
    "AlcoholDisclaimermsg": true,
    "IsNew": false,
    "amountUnit": "kg",
    "CountryOfOriginISO": "GB",
    "EcoscoreLabel": "C",
    "ShowAlcoholLegalMsg": true,
    "LongName": "CAPTAIN MORGAN Spiced Gold 35,0%vol 70cl",
    "RecentQuanityOfStockUnits": "6,1",
    "AlcoholVolume": "35",
    "FicCode": "E",
    "EcoscoreValue": "51"
  },
  {
    "technicalArticleNumber": "18760",
    "commercialArticleNumber": "18760",
    "gtin": [
      "05000289921800",
      "05000289925440",
      "05000289927000",
      "05000289020602"
    ],
    "productId": "1368",
    "name": "London Dry Gin 37,5%",
    "description": "*Fruit\u00e9-\u00e9pic\u00e9\n*Tonic neutre\n*Garn. citron\n*Royaume-Uni",
    "brand": "GORDON'S",
    "seoBrand": "Gordon's",
    "thumbNail": "https://static.colruytgroup.com/images/200x200/std.lang.all/75/28/asset-2037528.jpg",
    "fullImage": "https://static.colruytgroup.com/images/500x500/std.lang.all/75/28/asset-2037528.jpg",
    "squareImage": "https://static.colruytgroup.com/images/500x500sq/std.lang.all/75/28/asset-2037528.jpg",
    "content": "70cl",
    "price": {
      "basicPrice": 16.99,
      "recommendedQuantity": "1.0",
      "measurementUnitPrice": 24.28,
      "measurementUnit": "L",
      "isRedPrice": false,
      "pricePerUOM": 24.28,
      "activationDate": "05-06-2025",
      "recordSource": "Offline",
      "isPromoActive": "N",
      "priceChangeCode": "E",
      "priceReason": "Reaction"
    },
    "isPriceAvailable": true,
    "channelAvailability": [
      "3_BE_STORE",
      "8_BE_STORE",
      "8_LU_STORE",
      "8_BE_COLLECT_NEXT_DAY",
      "8_BE_HOME_DELIVERY",
      "8_BE_HOME_DELIVERY_DRIVER"
    ],
    "businessDomain": "RETAIL_BE",
    "walkRouteSequenceNumber": 724,
    "isAvailable": true,
    "inPromo": false,
    "topCategoryName": "Boissons",
    "topCategoryId": "354",
    "categories": [
      {
        "name": "Boissons",
        "id": "354",
        "children": [
          {
            "name": "Alcools/Spiritueux",
            "id": "412",
            "children": [
              {
                "name": "Gin",
                "id": "1555"
              }
            ]
          }
        ]
      }
    ],
    "IsPrivateLabel": false,
    "amount": 0.7,
    "IsBiffe": false,
    "WeightconversionFactor": "0",
    "IsWeightArticle": false,
    "IsBio": false,
    "CountryOfOrigin": "ROYAUME-UNI",
    "IsExclusivelySoldInLuxembourg": false,
    "OrderUnit": "P",
    "ShortName": "GORDONS GIN 37.5% 70CL",
    "AlcoholDisclaimermsg": true,
    "IsNew": false,
    "amountUnit": "kg",
    "CountryOfOriginISO": "GB",
    "EcoscoreLabel": "C",
    "ShowAlcoholLegalMsg": true,
    "LongName": "GORDON'S London Dry Gin 37,5% 70cl",
    "RecentQuanityOfStockUnits": "1,6",
    "AlcoholVolume": "37.5",
    "FicCode": "E",
    "EcoscoreValue": "51"
  },
  {
    "technicalArticleNumber": "1382816",
    "commercialArticleNumber": "18402",
    "gtin": [
      "08013751003079",
      "08013751000429"
    ],
    "productId": "9803",
    "name": "liqueur 32%",
    "description": "*Liqueur\n*32,0 % vol",
    "brand": "LIMONCELLO DI SICILIA",
    "seoBrand": "Limoncello Di Sicilia",
    "thumbNail": "https://static.colruytgroup.com/images/200x200/std.lang.all/27/02/asset-822702.jpg",
    "fullImage": "https://static.colruytgroup.com/images/500x500/std.lang.all/27/02/asset-822702.jpg",
    "squareImage": "https://static.colruytgroup.com/images/500x500sq/std.lang.all/27/02/asset-822702.jpg",
    "content": "50cl",
    "price": {
      "basicPrice": 17.25,
      "recommendedQuantity": "1.0",
      "measurementUnitPrice": 34.5,
      "measurementUnit": "L",
      "isRedPrice": false,
      "pricePerUOM": 34.5,
      "activationDate": "04-06-2025",
      "isPromoActive": "N",
      "priceChangeCode": "H",
      "priceReason": "FALLBACK"
    },
    "isPriceAvailable": true,
    "channelAvailability": [
      "8_BE_STORE",
      "8_LU_STORE",
      "8_BE_COLLECT_NEXT_DAY",
      "8_BE_HOME_DELIVERY",
      "8_BE_HOME_DELIVERY_DRIVER"
    ],
    "businessDomain": "RETAIL_BE",
    "walkRouteSequenceNumber": 912,
    "isAvailable": true,
    "inPromo": false,
    "topCategoryName": "Boissons",
    "topCategoryId": "354",
    "categories": [
      {
        "name": "Boissons",
        "id": "354",
        "children": [
          {
            "name": "Alcools/Spiritueux",
            "id": "412",
            "children": [
              {
                "name": "Liqueurs",
                "id": "419"
              }
            ]
          }
        ]
      }
    ],
    "IsPrivateLabel": false,
    "amount": 0.5,
    "IsBiffe": false,
    "WeightconversionFactor": "0",
    "IsWeightArticle": false,
    "IsBio": false,
    "CountryOfOrigin": "ITALIE",
    "IsExclusivelySoldInLuxembourg": false,
    "OrderUnit": "P",
    "ShortName": "LIMONCELLO SICILIA 50CL",
    "AlcoholDisclaimermsg": true,
    "IsNew": false,
    "amountUnit": "kg",
    "CountryOfOriginISO": "IT",
    "ShowAlcoholLegalMsg": true,
    "LongName": "LIMONCELLO DI SICILIA liqueur 32% 50cl",
    "RecentQuanityOfStockUnits": "1",
    "AlcoholVolume": "32",
    "FicCode": "E"
  },
  {
    "technicalArticleNumber": "4196484",
    "commercialArticleNumber": "15560",
    "gtin": [
      "05400141341690",
      "15400141341697"
    ],
    "productId": "559627",
    "name": "Tequila 35%",
    "description": "*Tequila\n*35% vol",
    "brand": "MARIE GALANTE",
    "seoBrand": "Marie Galante",
    "thumbNail": "https://static.colruytgroup.com/images/200x200/std.lang.all/66/67/asset-2416667.jpg",
    "fullImage": "https://static.colruytgroup.com/images/500x500/std.lang.all/66/67/asset-2416667.jpg",
    "squareImage": "https://static.colruytgroup.com/images/500x500sq/std.lang.all/66/67/asset-2416667.jpg",
    "content": "50cl",
    "price": {
      "basicPrice": 17.49,
      "recommendedQuantity": "1.0",
      "quantityPrice": 13.56,
      "quantityPriceQuantity": "2.0",
      "measurementUnitPrice": 34.98,
      "measurementUnitQuantityPrice": 27.12,
      "measurementUnit": "L",
      "isRedPrice": false,
      "pricePerUOM": 34.98,
      "activationDate": "04-06-2025",
      "isPromoActive": "N",
      "priceChangeCode": "H",
      "quantityPricePerUOM": 27.12,
      "quantityActivationDate": "04-06-2025",
      "quantityPriceChangeCode": "E",
      "priceReason": "FALLBACK"
    },
    "isPriceAvailable": true,
    "channelAvailability": [
      "8_BE_STORE",
      "8_LU_STORE",
      "8_BE_COLLECT_NEXT_DAY",
      "8_BE_HOME_DELIVERY",
      "8_BE_HOME_DELIVERY_DRIVER"
    ],
    "businessDomain": "RETAIL_BE",
    "walkRouteSequenceNumber": 817,
    "isAvailable": true,
    "inPromo": false,
    "topCategoryName": "Boissons",
    "topCategoryId": "354",
    "categories": [
      {
        "name": "Boissons",
        "id": "354",
        "children": [
          {
            "name": "Alcools/Spiritueux",
            "id": "412",
            "children": [
              {
                "name": "Autres alcools",
                "id": "751"
              }
            ]
          }
        ]
      }
    ],
    "IsPrivateLabel": true,
    "amount": 0.5,
    "IsBiffe": false,
    "WeightconversionFactor": "0",
    "IsWeightArticle": false,
    "IsBio": false,
    "CountryOfOrigin": "MEXIQUE",
    "IsExclusivelySoldInLuxembourg": false,
    "OrderUnit": "P",
    "ShortName": "MAGA TEQUILA 50CL",
    "AlcoholDisclaimermsg": true,
    "IsNew": false,
    "amountUnit": "kg",
    "CountryOfOriginISO": "MX",
    "EcoscoreLabel": "E",
    "ShowAlcoholLegalMsg": true,
    "LongName": "MARIE GALANTE Tequila 35% 50cl",
    "RecentQuanityOfStockUnits": "1,6",
    "AlcoholVolume": "35",
    "FicCode": "I",
    "EcoscoreValue": "18"
  },
  {
    "technicalArticleNumber": "4807420",
    "commercialArticleNumber": "15533",
    "gtin": [
      "10088004027367",
      "00088004023492"
    ],
    "productId": "1075787",
    "name": "Liqueur 33%",
    "description": "*Liqueur\n*33% vol.\n*\u00c0 base de whisky\net de cannelle",
    "brand": "FIREBALL",
    "seoBrand": "Fireball",
    "thumbNail": "https://static.colruytgroup.com/images/200x200/std.lang.all/71/89/asset-3497189.jpg",
    "fullImage": "https://static.colruytgroup.com/images/500x500/std.lang.all/71/89/asset-3497189.jpg",
    "squareImage": "https://static.colruytgroup.com/images/500x500sq/std.lang.all/71/89/asset-3497189.jpg",
    "content": "70cl",
    "price": {
      "basicPrice": 17.49,
      "recommendedQuantity": "1.0",
      "measurementUnitPrice": 24.99,
      "measurementUnit": "L",
      "isRedPrice": false,
      "pricePerUOM": 24.99,
      "activationDate": "18-04-2025",
      "recordSource": "Online",
      "isPromoActive": "N",
      "priceChangeCode": "E",
      "priceReason": "Reaction"
    },
    "isPriceAvailable": true,
    "channelAvailability": [
      "8_BE_STORE",
      "8_LU_STORE",
      "8_BE_COLLECT_NEXT_DAY",
      "8_BE_HOME_DELIVERY_DRIVER"
    ],
    "businessDomain": "RETAIL_BE",
    "walkRouteSequenceNumber": 902,
    "isAvailable": true,
    "inPromo": false,
    "topCategoryName": "Boissons",
    "topCategoryId": "354",
    "categories": [
      {
        "name": "Boissons",
        "id": "354",
        "children": [
          {
            "name": "Alcools/Spiritueux",
            "id": "412",
            "children": [
              {
                "name": "Liqueurs",
                "id": "419"
              }
            ]
          }
        ]
      }
    ],
    "IsPrivateLabel": false,
    "amount": 0.7,
    "IsBiffe": false,
    "WeightconversionFactor": "0",
    "IsWeightArticle": false,
    "IsBio": false,
    "CountryOfOrigin": "BELGIQUE",
    "IsExclusivelySoldInLuxembourg": false,
    "OrderUnit": "P",
    "ShortName": "FIRE LIQUEUR 33% 70CL",
    "AlcoholDisclaimermsg": true,
    "IsNew": false,
    "amountUnit": "kg",
    "CountryOfOriginISO": "BE",
    "EcoscoreLabel": "E",
    "ShowAlcoholLegalMsg": true,
    "LongName": "FIREBALL Liqueur 33% 70cl",
    "RecentQuanityOfStockUnits": "1",
    "AlcoholVolume": "33",
    "FicCode": "E",
    "EcoscoreValue": "18"
  },
  {
    "technicalArticleNumber": "4683073",
    "commercialArticleNumber": "1472",
    "gtin": [
      "05000291028009",
      "05000291025510",
      "05000291025527"
    ],
    "productId": "839697",
    "name": "0,0%",
    "brand": "TANQUERAY",
    "seoBrand": "Tanqueray",
    "thumbNail": "https://static.colruytgroup.com/images/200x200/std.lang.all/53/99/asset-3285399.jpg",
    "fullImage": "https://static.colruytgroup.com/images/500x500/std.lang.all/53/99/asset-3285399.jpg",
    "squareImage": "https://static.colruytgroup.com/images/500x500sq/std.lang.all/53/99/asset-3285399.jpg",
    "content": "70cl",
    "price": {
      "basicPrice": 17.5,
      "recommendedQuantity": "1.0",
      "measurementUnitPrice": {
        "source": "25.0",
        "parsedValue": 25
      },
      "measurementUnit": "L",
      "isRedPrice": false,
      "pricePerUOM": {
        "source": "25.0",
        "parsedValue": 25
      },
      "activationDate": "07-05-2025",
      "recordSource": "Online",
      "isPromoActive": "N",
      "priceChangeCode": "E",
      "priceReason": "Reaction"
    },
    "isPriceAvailable": true,
    "channelAvailability": [
      "8_BE_STORE",
      "8_LU_STORE",
      "8_BE_COLLECT_NEXT_DAY",
      "8_BE_HOME_DELIVERY",
      "8_BE_HOME_DELIVERY_DRIVER"
    ],
    "businessDomain": "RETAIL_BE",
    "walkRouteSequenceNumber": 610,
    "isAvailable": true,
    "inPromo": false,
    "topCategoryName": "Boissons",
    "topCategoryId": "354",
    "categories": [
      {
        "name": "Boissons",
        "id": "354",
        "children": [
          {
            "name": "Alcools/Spiritueux",
            "id": "412",
            "children": [
              {
                "name": "Gin",
                "id": "1555"
              }
            ]
          }
        ]
      }
    ],
    "IsPrivateLabel": false,
    "amount": 0.7,
    "IsBiffe": false,
    "WeightconversionFactor": "0",
    "IsWeightArticle": false,
    "IsBio": false,
    "CountryOfOrigin": "ITALIE",
    "IsExclusivelySoldInLuxembourg": false,
    "OrderUnit": "P",
    "ShortName": "TANQ 0% 70CL",
    "AlcoholDisclaimermsg": false,
    "IsNew": false,
    "amountUnit": "kg",
    "CountryOfOriginISO": "IT",
    "ShowAlcoholLegalMsg": false,
    "LongName": "TANQUERAY 0,0% 70cl",
    "RecentQuanityOfStockUnits": "1",
    "AlcoholVolume": "0",
    "FicCode": "E"
  },
  {
    "technicalArticleNumber": "4709677",
    "commercialArticleNumber": "31820",
    "gtin": [
      "07610113005644",
      "05010677801553"
    ],
    "productId": "859271",
    "name": "Vodka Black 18%",
    "description": "*Vodka\n*18% vol",
    "brand": "ERISTOFF",
    "seoBrand": "Eristoff",
    "thumbNail": "https://static.colruytgroup.com/images/200x200/std.lang.all/95/09/asset-3169509.jpg",
    "fullImage": "https://static.colruytgroup.com/images/500x500/std.lang.all/95/09/asset-3169509.jpg",
    "squareImage": "https://static.colruytgroup.com/images/500x500sq/std.lang.all/95/09/asset-3169509.jpg",
    "content": "70cl",
    "price": {
      "basicPrice": 17.69,
      "recommendedQuantity": "1.0",
      "measurementUnitPrice": 25.28,
      "measurementUnit": "L",
      "isRedPrice": false,
      "pricePerUOM": 25.28,
      "activationDate": "24-05-2025",
      "recordSource": "Offline",
      "isPromoActive": "N",
      "priceChangeCode": "E",
      "priceReason": "Reaction"
    },
    "isPriceAvailable": true,
    "channelAvailability": [
      "8_BE_STORE",
      "8_LU_STORE",
      "8_BE_COLLECT_NEXT_DAY",
      "8_BE_HOME_DELIVERY_DRIVER"
    ],
    "businessDomain": "RETAIL_BE",
    "walkRouteSequenceNumber": 811,
    "isAvailable": true,
    "inPromo": false,
    "topCategoryName": "Boissons",
    "topCategoryId": "354",
    "categories": [
      {
        "name": "Boissons",
        "id": "354",
        "children": [
          {
            "name": "Alcools/Spiritueux",
            "id": "412",
            "children": [
              {
                "name": "Vodka",
                "id": "418"
              }
            ]
          }
        ]
      }
    ],
    "IsPrivateLabel": false,
    "amount": 0.7,
    "IsBiffe": false,
    "WeightconversionFactor": "0",
    "IsWeightArticle": false,
    "IsBio": false,
    "CountryOfOrigin": "FRANCE",
    "IsExclusivelySoldInLuxembourg": false,
    "OrderUnit": "P",
    "ShortName": "ERIS BLACK 18% 70CL",
    "AlcoholDisclaimermsg": true,
    "IsNew": false,
    "amountUnit": "kg",
    "CountryOfOriginISO": "FR",
    "EcoscoreLabel": "D",
    "ShowAlcoholLegalMsg": true,
    "LongName": "ERISTOFF Vodka Black 18% 70cl",
    "RecentQuanityOfStockUnits": "1,6",
    "AlcoholVolume": "18",
    "FicCode": "E",
    "EcoscoreValue": "38"
  },
  {
    "technicalArticleNumber": "18722",
    "commercialArticleNumber": "18722",
    "gtin": [
      "15410293001509",
      "05410293001519",
      "05410293001410",
      "15410293001790",
      "15410293001868"
    ],
    "productId": "1360",
    "name": "graanjenever 30%",
    "description": "*Geni\u00e8vre\n*30% vol\n*Go\u00fbt: bl\u00e9",
    "brand": "PETERMAN",
    "seoBrand": "Peterman",
    "thumbNail": "https://static.colruytgroup.com/images/200x200/std.lang.all/20/60/asset-2272060.jpg",
    "fullImage": "https://static.colruytgroup.com/images/500x500/std.lang.all/20/60/asset-2272060.jpg",
    "squareImage": "https://static.colruytgroup.com/images/500x500sq/std.lang.all/20/60/asset-2272060.jpg",
    "content": "1L",
    "price": {
      "basicPrice": 17.99,
      "recommendedQuantity": "1.0",
      "measurementUnitPrice": 17.99,
      "measurementUnit": "L",
      "isRedPrice": false,
      "pricePerUOM": 17.99,
      "activationDate": "05-05-2025",
      "recordSource": "Offline",
      "isPromoActive": "N",
      "priceChangeCode": "E",
      "priceReason": "Reaction"
    },
    "isPriceAvailable": true,
    "channelAvailability": [
      "3_BE_STORE",
      "8_BE_STORE",
      "8_LU_STORE",
      "8_BE_COLLECT_NEXT_DAY",
      "8_BE_HOME_DELIVERY",
      "8_BE_HOME_DELIVERY_DRIVER"
    ],
    "businessDomain": "RETAIL_BE",
    "walkRouteSequenceNumber": 877,
    "isAvailable": true,
    "inPromo": false,
    "topCategoryName": "Boissons",
    "topCategoryId": "354",
    "categories": [
      {
        "name": "Boissons",
        "id": "354",
        "children": [
          {
            "name": "Alcools/Spiritueux",
            "id": "412",
            "children": [
              {
                "name": "Geni\u00e8vre",
                "id": "416"
              }
            ]
          }
        ]
      }
    ],
    "IsPrivateLabel": false,
    "amount": {
      "source": "1.0",
      "parsedValue": 1
    },
    "IsBiffe": false,
    "WeightconversionFactor": "0",
    "IsWeightArticle": false,
    "IsBio": false,
    "CountryOfOrigin": "BELGIQUE",
    "IsExclusivelySoldInLuxembourg": false,
    "OrderUnit": "P",
    "ShortName": "PETE GENIEV.GRAIN30% 1L",
    "AlcoholDisclaimermsg": true,
    "IsNew": false,
    "amountUnit": "kg",
    "CountryOfOriginISO": "BE",
    "EcoscoreLabel": "D",
    "ShowAlcoholLegalMsg": true,
    "LongName": "PETERMAN graanjenever 30% 1L",
    "RecentQuanityOfStockUnits": "6,1",
    "AlcoholVolume": "30",
    "FicCode": "E",
    "EcoscoreValue": "38"
  },
  {
    "technicalArticleNumber": "18727",
    "commercialArticleNumber": "18727",
    "gtin": [
      "15410293814031",
      "15410293814093",
      "15410746014094",
      "05410293814096"
    ],
    "productId": "1363",
    "name": "Hasselt geni\u00e8vre de grain 30%",
    "description": "*Geni\u00e8vre\n*30,0 % vol\n*Go\u00fbt: grain",
    "brand": "SMEETS",
    "seoBrand": "Smeets",
    "thumbNail": "https://static.colruytgroup.com/images/200x200/std.lang.all/89/64/asset-1378964.jpg",
    "fullImage": "https://static.colruytgroup.com/images/500x500/std.lang.all/89/64/asset-1378964.jpg",
    "squareImage": "https://static.colruytgroup.com/images/500x500sq/std.lang.all/89/64/asset-1378964.jpg",
    "content": "1L",
    "price": {
      "basicPrice": 17.99,
      "recommendedQuantity": "1.0",
      "measurementUnitPrice": 17.99,
      "measurementUnit": "L",
      "isRedPrice": false,
      "pricePerUOM": 17.99,
      "activationDate": "24-04-2025",
      "recordSource": "Offline",
      "isPromoActive": "N",
      "priceChangeCode": "E",
      "priceReason": "Reaction"
    },
    "isPriceAvailable": true,
    "channelAvailability": [
      "8_BE_STORE",
      "8_BE_COLLECT_NEXT_DAY",
      "8_BE_HOME_DELIVERY_DRIVER"
    ],
    "businessDomain": "RETAIL_BE",
    "walkRouteSequenceNumber": 878,
    "isAvailable": true,
    "inPromo": false,
    "topCategoryName": "Boissons",
    "topCategoryId": "354",
    "categories": [
      {
        "name": "Boissons",
        "id": "354",
        "children": [
          {
            "name": "Alcools/Spiritueux",
            "id": "412",
            "children": [
              {
                "name": "Geni\u00e8vre",
                "id": "416"
              }
            ]
          }
        ]
      }
    ],
    "IsPrivateLabel": false,
    "amount": {
      "source": "1.0",
      "parsedValue": 1
    },
    "IsBiffe": false,
    "WeightconversionFactor": "0",
    "IsWeightArticle": false,
    "IsBio": false,
    "CountryOfOrigin": "BELGIQUE",
    "IsExclusivelySoldInLuxembourg": false,
    "OrderUnit": "P",
    "ShortName": "HASSELT SMEETS 30% 1L",
    "AlcoholDisclaimermsg": true,
    "IsNew": false,
    "amountUnit": "kg",
    "CountryOfOriginISO": "BE",
    "EcoscoreLabel": "C",
    "ShowAlcoholLegalMsg": true,
    "LongName": "SMEETS Hasselt geni\u00e8vre de grain 30% 1L",
    "RecentQuanityOfStockUnits": "1",
    "AlcoholVolume": "30",
    "FicCode": "E",
    "EcoscoreValue": "51"
  },
  {
    "technicalArticleNumber": "4489757",
    "commercialArticleNumber": "12977",
    "gtin": [
      "15400141699255",
      "05400141699258"
    ],
    "productId": "731729",
    "name": "Pink Gin 37,5%",
    "description": "*Gin pink\n*37,5 % vol",
    "brand": "MARIE GALANTE",
    "seoBrand": "Marie Galante",
    "thumbNail": "https://static.colruytgroup.com/images/200x200/std.lang.all/51/44/asset-2755144.jpg",
    "fullImage": "https://static.colruytgroup.com/images/500x500/std.lang.all/51/44/asset-2755144.jpg",
    "squareImage": "https://static.colruytgroup.com/images/500x500sq/std.lang.all/51/44/asset-2755144.jpg",
    "content": "70cl",
    "price": {
      "basicPrice": 17.99,
      "recommendedQuantity": "1.0",
      "measurementUnitPrice": 25.7,
      "measurementUnit": "L",
      "isRedPrice": false,
      "pricePerUOM": 25.7,
      "activationDate": "23-04-2025",
      "recordSource": "Offline",
      "isPromoActive": "N",
      "priceChangeCode": "L",
      "priceReason": "Reaction"
    },
    "isPriceAvailable": true,
    "channelAvailability": [
      "8_BE_STORE",
      "8_LU_STORE",
      "8_BE_COLLECT_NEXT_DAY",
      "8_BE_HOME_DELIVERY_DRIVER"
    ],
    "businessDomain": "RETAIL_BE",
    "walkRouteSequenceNumber": 741,
    "isAvailable": true,
    "inPromo": false,
    "topCategoryName": "Boissons",
    "topCategoryId": "354",
    "categories": [
      {
        "name": "Boissons",
        "id": "354",
        "children": [
          {
            "name": "Alcools/Spiritueux",
            "id": "412",
            "children": [
              {
                "name": "Gin",
                "id": "1555"
              }
            ]
          }
        ]
      }
    ],
    "IsPrivateLabel": true,
    "amount": 0.7,
    "IsBiffe": false,
    "WeightconversionFactor": "0",
    "IsWeightArticle": false,
    "IsBio": false,
    "CountryOfOrigin": "ALLEMAGNE",
    "IsExclusivelySoldInLuxembourg": false,
    "OrderUnit": "P",
    "ShortName": "MAGA PINK GIN 37.5%70CL",
    "AlcoholDisclaimermsg": true,
    "IsNew": false,
    "amountUnit": "kg",
    "CountryOfOriginISO": "DE",
    "EcoscoreLabel": "D",
    "ShowAlcoholLegalMsg": true,
    "LongName": "MARIE GALANTE Pink Gin 37,5% 70cl",
    "RecentQuanityOfStockUnits": "1",
    "AlcoholVolume": "37.5",
    "FicCode": "I",
    "EcoscoreValue": "38"
  },
  {
    "technicalArticleNumber": "18081",
    "commercialArticleNumber": "18081",
    "gtin": [
      "05010103800259",
      "05010103800273",
      "05010103945943"
    ],
    "productId": "1325",
    "name": "Rare Blended Scotch Whisky 40%",
    "description": "*Scotch blend.whisky\n*\u00c9cosse",
    "brand": "J&B",
    "seoBrand": "J&B",
    "thumbNail": "https://static.colruytgroup.com/images/200x200/std.lang.all/51/26/asset-395126.jpg",
    "fullImage": "https://static.colruytgroup.com/images/500x500/std.lang.all/51/26/asset-395126.jpg",
    "squareImage": "https://static.colruytgroup.com/images/500x500sq/std.lang.all/51/26/asset-395126.jpg",
    "content": "70cl",
    "price": {
      "basicPrice": 18.29,
      "recommendedQuantity": "1.0",
      "measurementUnitPrice": 26.13,
      "measurementUnit": "L",
      "isRedPrice": false,
      "pricePerUOM": 26.13,
      "activationDate": "05-06-2025",
      "recordSource": "Offline",
      "isPromoActive": "N",
      "priceChangeCode": "H",
      "priceReason": "Reaction"
    },
    "isPriceAvailable": true,
    "channelAvailability": [
      "3_BE_STORE",
      "8_BE_STORE",
      "8_LU_STORE",
      "8_BE_COLLECT_NEXT_DAY",
      "8_BE_HOME_DELIVERY",
      "8_BE_HOME_DELIVERY_DRIVER"
    ],
    "businessDomain": "RETAIL_BE",
    "walkRouteSequenceNumber": 847,
    "isAvailable": true,
    "inPromo": false,
    "topCategoryName": "Boissons",
    "topCategoryId": "354",
    "categories": [
      {
        "name": "Boissons",
        "id": "354",
        "children": [
          {
            "name": "Alcools/Spiritueux",
            "id": "412",
            "children": [
              {
                "name": "Whisky",
                "id": "413"
              }
            ]
          }
        ]
      }
    ],
    "IsPrivateLabel": false,
    "amount": 0.7,
    "IsBiffe": false,
    "WeightconversionFactor": "0",
    "IsWeightArticle": false,
    "IsBio": false,
    "CountryOfOrigin": "ROYAUME-UNI",
    "IsExclusivelySoldInLuxembourg": false,
    "OrderUnit": "P",
    "ShortName": "J&B RARE WHISKY 70CL",
    "AlcoholDisclaimermsg": true,
    "IsNew": false,
    "amountUnit": "kg",
    "CountryOfOriginISO": "GB",
    "EcoscoreLabel": "C",
    "ShowAlcoholLegalMsg": true,
    "LongName": "J&B Rare Blended Scotch Whisky 40% 70cl",
    "RecentQuanityOfStockUnits": "6,1",
    "AlcoholVolume": "40",
    "FicCode": "E",
    "EcoscoreValue": "51"
  },
  {
    "technicalArticleNumber": "18612",
    "commercialArticleNumber": "18612",
    "gtin": [
      "05410293008211",
      "15410293008249"
    ],
    "productId": "1352",
    "name": "Old Fine 30%",
    "description": "*Brandy\n*Digestif\n*30,0 % vol",
    "brand": "DOMAINE DU VIEUX COUVENT",
    "seoBrand": "Domaine Du Vieux Couvent",
    "thumbNail": "https://static.colruytgroup.com/images/200x200/std.lang.all/84/34/asset-348434.jpg",
    "fullImage": "https://static.colruytgroup.com/images/500x500/std.lang.all/84/34/asset-348434.jpg",
    "squareImage": "https://static.colruytgroup.com/images/500x500sq/std.lang.all/84/34/asset-348434.jpg",
    "content": "1L",
    "price": {
      "basicPrice": 18.49,
      "recommendedQuantity": "1.0",
      "measurementUnitPrice": 18.49,
      "measurementUnit": "L",
      "isRedPrice": false,
      "pricePerUOM": 18.49,
      "activationDate": "29-01-2025",
      "recordSource": "Online",
      "isPromoActive": "N",
      "priceChangeCode": "E",
      "priceReason": "Reaction"
    },
    "isPriceAvailable": true,
    "channelAvailability": [
      "3_BE_STORE",
      "8_BE_STORE",
      "8_BE_COLLECT_NEXT_DAY",
      "8_BE_HOME_DELIVERY_DRIVER"
    ],
    "businessDomain": "RETAIL_BE",
    "walkRouteSequenceNumber": 868,
    "isAvailable": true,
    "inPromo": false,
    "topCategoryName": "Boissons",
    "topCategoryId": "354",
    "categories": [
      {
        "name": "Boissons",
        "id": "354",
        "children": [
          {
            "name": "Alcools/Spiritueux",
            "id": "412",
            "children": [
              {
                "name": "Cognac",
                "id": "414"
              }
            ]
          }
        ]
      }
    ],
    "IsPrivateLabel": false,
    "amount": {
      "source": "1.0",
      "parsedValue": 1
    },
    "IsBiffe": false,
    "WeightconversionFactor": "0",
    "IsWeightArticle": false,
    "IsBio": false,
    "CountryOfOrigin": "BELGIQUE",
    "IsExclusivelySoldInLuxembourg": false,
    "OrderUnit": "P",
    "ShortName": "DOM.V.COUVENT 30% 1L",
    "AlcoholDisclaimermsg": true,
    "IsNew": false,
    "amountUnit": "kg",
    "CountryOfOriginISO": "BE",
    "EcoscoreLabel": "D",
    "ShowAlcoholLegalMsg": true,
    "LongName": "DOMAINE DU VIEUX COUVENT Old Fine 30% 1L",
    "RecentQuanityOfStockUnits": "1,6",
    "AlcoholVolume": "30",
    "FicCode": "E",
    "EcoscoreValue": "38"
  },
  {
    "technicalArticleNumber": "4422118",
    "commercialArticleNumber": "25804",
    "gtin": [
      "05000281060958",
      "05000281060941"
    ],
    "productId": "693822",
    "name": "Tiki Mango&Pineap25%",
    "description": "*Rhum \u00e9pic\u00e9\n*Rhum traditionnel\n*Jama\u00efque",
    "brand": "CAPTAIN MORGAN",
    "seoBrand": "Captain Morgan",
    "thumbNail": "https://static.colruytgroup.com/images/200x200/std.lang.all/16/10/asset-2471610.jpg",
    "fullImage": "https://static.colruytgroup.com/images/500x500/std.lang.all/16/10/asset-2471610.jpg",
    "squareImage": "https://static.colruytgroup.com/images/500x500sq/std.lang.all/16/10/asset-2471610.jpg",
    "content": "70cl",
    "price": {
      "basicPrice": 18.49,
      "recommendedQuantity": "1.0",
      "measurementUnitPrice": 26.42,
      "measurementUnit": "L",
      "isRedPrice": false,
      "pricePerUOM": 26.42,
      "activationDate": "21-05-2025",
      "recordSource": "Offline",
      "isPromoActive": "N",
      "priceChangeCode": "H",
      "priceReason": "Reaction"
    },
    "isPriceAvailable": true,
    "channelAvailability": [
      "8_BE_STORE",
      "8_LU_STORE",
      "8_BE_COLLECT_NEXT_DAY",
      "8_BE_HOME_DELIVERY_DRIVER"
    ],
    "businessDomain": "RETAIL_BE",
    "walkRouteSequenceNumber": 792,
    "isAvailable": true,
    "inPromo": false,
    "topCategoryName": "Boissons",
    "topCategoryId": "354",
    "categories": [
      {
        "name": "Boissons",
        "id": "354",
        "children": [
          {
            "name": "Alcools/Spiritueux",
            "id": "412",
            "children": [
              {
                "name": "Rhum",
                "id": "1554"
              }
            ]
          }
        ]
      }
    ],
    "IsPrivateLabel": false,
    "amount": 0.7,
    "IsBiffe": false,
    "WeightconversionFactor": "0",
    "IsWeightArticle": false,
    "IsBio": false,
    "CountryOfOrigin": "ITALIE",
    "IsExclusivelySoldInLuxembourg": false,
    "OrderUnit": "P",
    "ShortName": "CAMO TIKI 25% 70CL",
    "AlcoholDisclaimermsg": true,
    "IsNew": false,
    "amountUnit": "kg",
    "CountryOfOriginISO": "IT",
    "EcoscoreLabel": "C",
    "ShowAlcoholLegalMsg": true,
    "LongName": "CAPTAIN MORGAN Tiki Mango&Pineap25% 70cl",
    "RecentQuanityOfStockUnits": "1",
    "AlcoholVolume": "25",
    "FicCode": "E",
    "EcoscoreValue": "50"
  },
  {
    "technicalArticleNumber": "18721",
    "commercialArticleNumber": "18721",
    "gtin": [
      "05412166001008",
      "05412166001022"
    ],
    "productId": "1359",
    "name": "geni\u00e8vre grain 30,0%vol",
    "description": "*Geni\u00e8vre\n*30,0 % vol\n*Go\u00fbt: grain",
    "brand": "FILLIERS",
    "seoBrand": "Filliers",
    "thumbNail": "https://static.colruytgroup.com/images/200x200/std.lang.all/79/70/asset-3187970.jpg",
    "fullImage": "https://static.colruytgroup.com/images/500x500/std.lang.all/79/70/asset-3187970.jpg",
    "squareImage": "https://static.colruytgroup.com/images/500x500sq/std.lang.all/79/70/asset-3187970.jpg",
    "content": "1L",
    "price": {
      "basicPrice": 18.5,
      "recommendedQuantity": "1.0",
      "measurementUnitPrice": 18.5,
      "measurementUnit": "L",
      "isRedPrice": false,
      "pricePerUOM": 18.5,
      "activationDate": "08-05-2025",
      "recordSource": "Online",
      "isPromoActive": "N",
      "priceChangeCode": "H",
      "priceReason": "Reaction"
    },
    "isPriceAvailable": true,
    "channelAvailability": [
      "3_BE_STORE",
      "8_BE_STORE",
      "8_BE_COLLECT_NEXT_DAY",
      "8_BE_HOME_DELIVERY_DRIVER"
    ],
    "businessDomain": "RETAIL_BE",
    "walkRouteSequenceNumber": 876,
    "isAvailable": true,
    "inPromo": false,
    "topCategoryName": "Boissons",
    "topCategoryId": "354",
    "categories": [
      {
        "name": "Boissons",
        "id": "354",
        "children": [
          {
            "name": "Alcools/Spiritueux",
            "id": "412",
            "children": [
              {
                "name": "Geni\u00e8vre",
                "id": "416"
              }
            ]
          }
        ]
      }
    ],
    "IsPrivateLabel": false,
    "amount": {
      "source": "1.0",
      "parsedValue": 1
    },
    "IsBiffe": false,
    "WeightconversionFactor": "0",
    "IsWeightArticle": false,
    "IsBio": false,
    "CountryOfOrigin": "BELGIQUE",
    "IsExclusivelySoldInLuxembourg": false,
    "OrderUnit": "P",
    "ShortName": "FILLIERS JENIEV 30% 1L",
    "AlcoholDisclaimermsg": true,
    "IsNew": false,
    "amountUnit": "kg",
    "CountryOfOriginISO": "BE",
    "EcoscoreLabel": "B",
    "ShowAlcoholLegalMsg": true,
    "LongName": "FILLIERS geni\u00e8vre grain 30,0%vol 1L",
    "RecentQuanityOfStockUnits": "6,1",
    "AlcoholVolume": "30",
    "FicCode": "E",
    "EcoscoreValue": "72"
  },
  {
    "technicalArticleNumber": "4791183",
    "commercialArticleNumber": "33460",
    "gtin": [
      "08001305333321",
      "08001305333314"
    ],
    "productId": "1024135",
    "name": "Sambuca 38%",
    "description": "*Sambuca\n*Digestif\n*38,0 % vol",
    "brand": "GAGLIANO",
    "seoBrand": "Gagliano",
    "thumbNail": "https://static.colruytgroup.com/images/200x200/std.lang.all/48/68/asset-3424868.jpg",
    "fullImage": "https://static.colruytgroup.com/images/500x500/std.lang.all/48/68/asset-3424868.jpg",
    "squareImage": "https://static.colruytgroup.com/images/500x500sq/std.lang.all/48/68/asset-3424868.jpg",
    "content": "70cl",
    "price": {
      "basicPrice": 18.59,
      "recommendedQuantity": "1.0",
      "quantityPrice": 17.85,
      "quantityPriceQuantity": "3.0",
      "measurementUnitPrice": 26.56,
      "measurementUnitQuantityPrice": 25.5,
      "measurementUnit": "L",
      "isRedPrice": false,
      "pricePerUOM": 26.56,
      "activationDate": "26-09-2024",
      "isPromoActive": "N",
      "priceChangeCode": "E",
      "quantityPricePerUOM": 25.5,
      "quantityActivationDate": "26-09-2024",
      "quantityPriceChangeCode": "E",
      "priceReason": "FALLBACK"
    },
    "isPriceAvailable": true,
    "channelAvailability": [
      "8_BE_STORE",
      "8_LU_STORE",
      "8_BE_COLLECT_NEXT_DAY",
      "8_BE_HOME_DELIVERY",
      "8_BE_HOME_DELIVERY_DRIVER"
    ],
    "businessDomain": "RETAIL_BE",
    "walkRouteSequenceNumber": 906,
    "isAvailable": true,
    "inPromo": false,
    "topCategoryName": "Boissons",
    "topCategoryId": "354",
    "categories": [
      {
        "name": "Boissons",
        "id": "354",
        "children": [
          {
            "name": "Alcools/Spiritueux",
            "id": "412",
            "children": [
              {
                "name": "Autres alcools",
                "id": "751"
              }
            ]
          }
        ]
      }
    ],
    "IsPrivateLabel": false,
    "amount": 0.7,
    "IsBiffe": false,
    "WeightconversionFactor": "0",
    "IsWeightArticle": false,
    "IsBio": false,
    "CountryOfOrigin": "ITALIE",
    "IsExclusivelySoldInLuxembourg": false,
    "OrderUnit": "P",
    "ShortName": "GAGL SAMBUCA 38% 70CL",
    "AlcoholDisclaimermsg": true,
    "IsNew": false,
    "amountUnit": "kg",
    "CountryOfOriginISO": "IT",
    "EcoscoreLabel": "E",
    "ShowAlcoholLegalMsg": true,
    "LongName": "GAGLIANO Sambuca 38% 70cl",
    "RecentQuanityOfStockUnits": "1",
    "AlcoholVolume": "38",
    "FicCode": "E",
    "EcoscoreValue": "18"
  },
  {
    "technicalArticleNumber": "3741486",
    "commercialArticleNumber": "16371",
    "gtin": [
      "05400141101614",
      "15400141101611"
    ],
    "productId": "342482",
    "name": "calvados 40%",
    "description": "*Calvados\n*Digestif\n*40,0 % vol",
    "brand": "MARIE GALANTE",
    "seoBrand": "Marie Galante",
    "thumbNail": "https://static.colruytgroup.com/images/200x200/std.lang.all/83/13/asset-1648313.jpg",
    "fullImage": "https://static.colruytgroup.com/images/500x500/std.lang.all/83/13/asset-1648313.jpg",
    "squareImage": "https://static.colruytgroup.com/images/500x500sq/std.lang.all/83/13/asset-1648313.jpg",
    "content": "70cl",
    "price": {
      "basicPrice": 18.75,
      "recommendedQuantity": "1.0",
      "measurementUnitPrice": 26.79,
      "measurementUnit": "L",
      "isRedPrice": false,
      "pricePerUOM": 26.79,
      "activationDate": "16-11-2024",
      "recordSource": "Offline",
      "isPromoActive": "N",
      "priceChangeCode": "H",
      "priceReason": "Reaction"
    },
    "isPriceAvailable": true,
    "channelAvailability": [
      "3_BE_STORE",
      "8_BE_STORE",
      "8_LU_STORE",
      "8_BE_COLLECT_NEXT_DAY",
      "8_BE_HOME_DELIVERY_DRIVER"
    ],
    "businessDomain": "RETAIL_BE",
    "walkRouteSequenceNumber": 872,
    "isAvailable": true,
    "inPromo": false,
    "topCategoryName": "Boissons",
    "topCategoryId": "354",
    "categories": [
      {
        "name": "Boissons",
        "id": "354",
        "children": [
          {
            "name": "Alcools/Spiritueux",
            "id": "412",
            "children": [
              {
                "name": "Autres alcools",
                "id": "751"
              }
            ]
          }
        ]
      }
    ],
    "IsPrivateLabel": true,
    "amount": 0.7,
    "IsBiffe": false,
    "WeightconversionFactor": "0",
    "IsWeightArticle": false,
    "IsBio": false,
    "CountryOfOrigin": "FRANCE",
    "IsExclusivelySoldInLuxembourg": false,
    "OrderUnit": "P",
    "ShortName": "MAGA CALVADOS 40% 70CL",
    "AlcoholDisclaimermsg": true,
    "IsNew": false,
    "amountUnit": "kg",
    "CountryOfOriginISO": "FR",
    "EcoscoreLabel": "C",
    "ShowAlcoholLegalMsg": true,
    "LongName": "MARIE GALANTE calvados 40% 70cl",
    "RecentQuanityOfStockUnits": "1,6",
    "AlcoholVolume": "40",
    "FicCode": "I",
    "EcoscoreValue": "51"
  },
  {
    "technicalArticleNumber": "3829699",
    "commercialArticleNumber": "13483",
    "gtin": [
      "05000289929417",
      "05000289929424"
    ],
    "productId": "344915",
    "name": "Premium Pink Gin 37,5%vol",
    "description": "*Fruit\u00e9-doux\n*Tonic \u00e9pic\u00e9\n*Garn. fraise\n*Royaume-Uni",
    "brand": "GORDON'S",
    "seoBrand": "Gordon's",
    "thumbNail": "https://static.colruytgroup.com/images/200x200/std.lang.all/75/07/asset-3217507.jpg",
    "fullImage": "https://static.colruytgroup.com/images/500x500/std.lang.all/75/07/asset-3217507.jpg",
    "squareImage": "https://static.colruytgroup.com/images/500x500sq/std.lang.all/75/07/asset-3217507.jpg",
    "content": "70cl",
    "price": {
      "basicPrice": 18.99,
      "recommendedQuantity": "1.0",
      "measurementUnitPrice": 27.13,
      "measurementUnit": "L",
      "isRedPrice": false,
      "pricePerUOM": 27.13,
      "activationDate": "05-06-2025",
      "recordSource": "Offline",
      "isPromoActive": "N",
      "priceChangeCode": "E",
      "priceReason": "Reaction"
    },
    "isPriceAvailable": true,
    "channelAvailability": [
      "3_BE_STORE",
      "8_BE_STORE",
      "8_LU_STORE",
      "8_BE_COLLECT_NEXT_DAY",
      "8_BE_HOME_DELIVERY",
      "8_BE_HOME_DELIVERY_DRIVER"
    ],
    "businessDomain": "RETAIL_BE",
    "walkRouteSequenceNumber": 725,
    "isAvailable": true,
    "inPromo": false,
    "topCategoryName": "Boissons",
    "topCategoryId": "354",
    "categories": [
      {
        "name": "Boissons",
        "id": "354",
        "children": [
          {
            "name": "Alcools/Spiritueux",
            "id": "412",
            "children": [
              {
                "name": "Gin",
                "id": "1555"
              }
            ]
          }
        ]
      }
    ],
    "IsPrivateLabel": false,
    "amount": 0.7,
    "IsBiffe": false,
    "WeightconversionFactor": "0",
    "IsWeightArticle": false,
    "IsBio": false,
    "CountryOfOrigin": "ROYAUME-UNI",
    "IsExclusivelySoldInLuxembourg": false,
    "OrderUnit": "P",
    "ShortName": "GORD PREM.PINK GIN 70CL",
    "AlcoholDisclaimermsg": true,
    "IsNew": false,
    "amountUnit": "kg",
    "CountryOfOriginISO": "GB",
    "EcoscoreLabel": "C",
    "ShowAlcoholLegalMsg": true,
    "LongName": "GORDON'S Premium Pink Gin 37,5%vol 70cl",
    "RecentQuanityOfStockUnits": "1,6",
    "AlcoholVolume": "37.5",
    "FicCode": "E",
    "EcoscoreValue": "51"
  },
  {
    "technicalArticleNumber": "18719",
    "commercialArticleNumber": "18719",
    "gtin": [
      "04067700023353",
      "04067700025876",
      "04067700023247",
      "05413976003404",
      "05413976003411",
      "04067700013019",
      "04067700014726",
      "04067700015754",
      "04067700018373",
      "04067700018380",
      "04067700019868",
      "05413976004838",
      "05413976004821",
      "05413976005224",
      "04067700030191",
      "04067700030658",
      "04067700028389",
      "04067700028167",
      "05413976005231"
    ],
    "productId": "1357",
    "name": "Liqueur 35%",
    "description": "*Liqueur\n*35 % vol",
    "brand": "J\u00c4GERMEISTER",
    "seoBrand": "J\u00e4germeister",
    "thumbNail": "https://static.colruytgroup.com/images/200x200/std.lang.all/63/49/asset-2906349.jpg",
    "fullImage": "https://static.colruytgroup.com/images/500x500/std.lang.all/63/49/asset-2906349.jpg",
    "squareImage": "https://static.colruytgroup.com/images/500x500sq/std.lang.all/63/49/asset-2906349.jpg",
    "content": "70cl",
    "price": {
      "basicPrice": 18.99,
      "recommendedQuantity": "1.0",
      "measurementUnitPrice": 27.13,
      "measurementUnit": "L",
      "isRedPrice": false,
      "pricePerUOM": 27.13,
      "activationDate": "05-06-2025",
      "recordSource": "Offline",
      "isPromoActive": "N",
      "priceChangeCode": "L",
      "priceReason": "Reaction"
    },
    "isPriceAvailable": true,
    "channelAvailability": [
      "3_BE_STORE",
      "8_BE_STORE",
      "8_LU_STORE",
      "8_BE_COLLECT_NEXT_DAY",
      "8_BE_HOME_DELIVERY",
      "8_BE_HOME_DELIVERY_DRIVER"
    ],
    "businessDomain": "RETAIL_BE",
    "walkRouteSequenceNumber": 905,
    "isAvailable": true,
    "inPromo": false,
    "topCategoryName": "Boissons",
    "topCategoryId": "354",
    "categories": [
      {
        "name": "Boissons",
        "id": "354",
        "children": [
          {
            "name": "Alcools/Spiritueux",
            "id": "412",
            "children": [
              {
                "name": "Liqueurs",
                "id": "419"
              }
            ]
          }
        ]
      }
    ],
    "IsPrivateLabel": false,
    "amount": 0.7,
    "IsBiffe": false,
    "WeightconversionFactor": "0",
    "IsWeightArticle": false,
    "IsBio": false,
    "CountryOfOrigin": "ALLEMAGNE",
    "IsExclusivelySoldInLuxembourg": false,
    "OrderUnit": "P",
    "ShortName": "JAGERMEISTER 35% 70CL",
    "AlcoholDisclaimermsg": true,
    "IsNew": false,
    "amountUnit": "kg",
    "CountryOfOriginISO": "DE",
    "EcoscoreLabel": "C",
    "ShowAlcoholLegalMsg": true,
    "LongName": "J\u00c4GERMEISTER Liqueur 35% 70cl",
    "RecentQuanityOfStockUnits": "1,1,6",
    "AlcoholVolume": "35",
    "FicCode": "E",
    "EcoscoreValue": "51"
  },
  {
    "technicalArticleNumber": "3728756",
    "commercialArticleNumber": "40992",
    "gtin": [
      "05411018006567",
      "05411018379005"
    ],
    "productId": "300382",
    "name": "Coffee 20%",
    "description": "*Liqueur/digestif\n*20% vol",
    "brand": "CHOUFFE",
    "seoBrand": "Chouffe Coffee",
    "thumbNail": "https://static.colruytgroup.com/images/200x200/std.lang.all/79/81/asset-3287981.jpg",
    "fullImage": "https://static.colruytgroup.com/images/500x500/std.lang.all/79/81/asset-3287981.jpg",
    "squareImage": "https://static.colruytgroup.com/images/500x500sq/std.lang.all/79/81/asset-3287981.jpg",
    "content": "70cl",
    "price": {
      "basicPrice": 18.99,
      "recommendedQuantity": "1.0",
      "measurementUnitPrice": 27.13,
      "measurementUnit": "L",
      "isRedPrice": false,
      "pricePerUOM": 27.13,
      "activationDate": "06-05-2025",
      "recordSource": "Offline",
      "isPromoActive": "N",
      "priceChangeCode": "E",
      "priceReason": "Reaction"
    },
    "isPriceAvailable": true,
    "channelAvailability": [
      "8_BE_STORE",
      "8_LU_STORE",
      "8_BE_COLLECT_NEXT_DAY",
      "8_BE_HOME_DELIVERY_DRIVER"
    ],
    "businessDomain": "RETAIL_BE",
    "walkRouteSequenceNumber": 926,
    "isAvailable": true,
    "inPromo": false,
    "topCategoryName": "Boissons",
    "topCategoryId": "354",
    "categories": [
      {
        "name": "Boissons",
        "id": "354",
        "children": [
          {
            "name": "Alcools/Spiritueux",
            "id": "412",
            "children": [
              {
                "name": "Liqueurs",
                "id": "419"
              }
            ]
          }
        ]
      }
    ],
    "IsPrivateLabel": false,
    "amount": 0.7,
    "IsBiffe": false,
    "WeightconversionFactor": "0",
    "IsWeightArticle": false,
    "IsBio": false,
    "CountryOfOrigin": "BELGIQUE",
    "IsExclusivelySoldInLuxembourg": false,
    "OrderUnit": "P",
    "ShortName": "CHOUFFE COFFEE 20% 70CL",
    "AlcoholDisclaimermsg": true,
    "InSeason": true,
    "IsNew": false,
    "amountUnit": "kg",
    "CountryOfOriginISO": "BE",
    "ShowAlcoholLegalMsg": true,
    "LongName": "CHOUFFE Coffee 20% 70cl",
    "RecentQuanityOfStockUnits": "1",
    "AlcoholVolume": "20",
    "StartSeasonDate": "12/12/2018",
    "FicCode": "E"
  },
  {
    "technicalArticleNumber": "18041",
    "commercialArticleNumber": "18041",
    "gtin": [
      "03383260001268",
      "03383260001299",
      "03383260005853",
      "03383260009653",
      "05010314700003",
      "05010314700997",
      "05413976002483"
    ],
    "productId": "1318",
    "name": "whisky 40,0%vol",
    "description": "*Scotch blend.whisky\n*\u00c9cosse",
    "brand": "THE FAMOUS GROUSE",
    "seoBrand": "The Famous Grouse",
    "thumbNail": "https://static.colruytgroup.com/images/200x200/std.lang.all/41/62/asset-2064162.jpg",
    "fullImage": "https://static.colruytgroup.com/images/500x500/std.lang.all/41/62/asset-2064162.jpg",
    "squareImage": "https://static.colruytgroup.com/images/500x500sq/std.lang.all/41/62/asset-2064162.jpg",
    "content": "70cl",
    "price": {
      "basicPrice": 19.45,
      "recommendedQuantity": "1.0",
      "measurementUnitPrice": 27.79,
      "measurementUnit": "L",
      "isRedPrice": true,
      "redPriceReason": "Promo",
      "referencePrice": 19.59,
      "retentionPeriod": 30,
      "pricePerUOM": 27.79,
      "activationDate": "04-06-2025",
      "isPromoActive": "Y",
      "priceChangeCode": "L",
      "priceReason": "Promo"
    },
    "isPriceAvailable": true,
    "channelAvailability": [
      "8_BE_STORE",
      "8_LU_STORE",
      "8_BE_COLLECT_NEXT_DAY",
      "8_BE_HOME_DELIVERY",
      "8_BE_HOME_DELIVERY_DRIVER"
    ],
    "businessDomain": "RETAIL_BE",
    "walkRouteSequenceNumber": 839,
    "isAvailable": true,
    "inPromo": false,
    "topCategoryName": "Boissons",
    "topCategoryId": "354",
    "categories": [
      {
        "name": "Boissons",
        "id": "354",
        "children": [
          {
            "name": "Alcools/Spiritueux",
            "id": "412",
            "children": [
              {
                "name": "Whisky",
                "id": "413"
              }
            ]
          }
        ]
      }
    ],
    "IsPrivateLabel": false,
    "amount": 0.7,
    "IsBiffe": false,
    "WeightconversionFactor": "0",
    "IsWeightArticle": false,
    "IsBio": false,
    "CountryOfOrigin": "ROYAUME-UNI",
    "IsExclusivelySoldInLuxembourg": false,
    "OrderUnit": "P",
    "ShortName": "FAGR WHISKY 40% 70CL",
    "AlcoholDisclaimermsg": true,
    "IsNew": false,
    "amountUnit": "kg",
    "CountryOfOriginISO": "GB",
    "EcoscoreLabel": "D",
    "ShowAlcoholLegalMsg": true,
    "LongName": "THE FAMOUS GROUSE whisky 40,0%vol 70cl",
    "RecentQuanityOfStockUnits": "1,6",
    "AlcoholVolume": "40",
    "FicCode": "E",
    "EcoscoreValue": "38"
  },
  {
    "technicalArticleNumber": "2742400",
    "commercialArticleNumber": "38383",
    "gtin": [
      "05400141015324",
      "05400141104677",
      "15400141104674"
    ],
    "productId": "68320",
    "name": "Rhum Agricole 40%",
    "description": "*Rhum blanc\n*Rhum agricole\n*Martinique",
    "brand": "MARIE GALANTE",
    "seoBrand": "Marie Galante",
    "thumbNail": "https://static.colruytgroup.com/images/200x200/std.lang.all/82/97/asset-2068297.jpg",
    "fullImage": "https://static.colruytgroup.com/images/500x500/std.lang.all/82/97/asset-2068297.jpg",
    "squareImage": "https://static.colruytgroup.com/images/500x500sq/std.lang.all/82/97/asset-2068297.jpg",
    "content": "70cl",
    "price": {
      "basicPrice": 19.49,
      "recommendedQuantity": "1.0",
      "measurementUnitPrice": 27.85,
      "measurementUnit": "L",
      "isRedPrice": false,
      "pricePerUOM": 27.85,
      "activationDate": "10-11-2023",
      "isPromoActive": "N",
      "priceChangeCode": "E",
      "priceReason": "FALLBACK"
    },
    "isPriceAvailable": true,
    "channelAvailability": [
      "8_BE_STORE",
      "8_LU_STORE",
      "8_BE_COLLECT_NEXT_DAY",
      "8_BE_HOME_DELIVERY_DRIVER"
    ],
    "businessDomain": "RETAIL_BE",
    "walkRouteSequenceNumber": 783,
    "isAvailable": true,
    "inPromo": false,
    "topCategoryName": "Boissons",
    "topCategoryId": "354",
    "categories": [
      {
        "name": "Boissons",
        "id": "354",
        "children": [
          {
            "name": "Alcools/Spiritueux",
            "id": "412",
            "children": [
              {
                "name": "Rhum",
                "id": "1554"
              }
            ]
          }
        ]
      }
    ],
    "IsPrivateLabel": true,
    "amount": 0.7,
    "IsBiffe": false,
    "IsWeightArticle": false,
    "WeightconversionFactor": "0",
    "IsBio": false,
    "CountryOfOrigin": "BELGIQUE",
    "IsExclusivelySoldInLuxembourg": false,
    "OrderUnit": "P",
    "AlcoholDisclaimermsg": true,
    "InSeason": true,
    "ShortName": "MAGA RHUM AGRICOLE70CL",
    "IsNew": false,
    "amountUnit": "kg",
    "CountryOfOriginISO": "BE",
    "EcoscoreLabel": "C",
    "ShowAlcoholLegalMsg": true,
    "LongName": "MARIE GALANTE Rhum Agricole 40% 70cl",
    "RecentQuanityOfStockUnits": "1",
    "AlcoholVolume": "39.7",
    "StartSeasonDate": "04/06/2019",
    "FicCode": "I",
    "EcoscoreValue": "51"
  },
  {
    "technicalArticleNumber": "4687043",
    "commercialArticleNumber": "30560",
    "gtin": [
      "07610113020524",
      "07610113019238"
    ],
    "productId": "842123",
    "name": "liqueur de menthe 17,9%",
    "description": "*Ready to serve\n*Base pour cocktail\n*17,9% vol",
    "brand": "GET 27",
    "seoBrand": "Get 27",
    "thumbNail": "https://static.colruytgroup.com/images/200x200/std.lang.all/05/69/asset-3240569.jpg",
    "fullImage": "https://static.colruytgroup.com/images/500x500/std.lang.all/05/69/asset-3240569.jpg",
    "squareImage": "https://static.colruytgroup.com/images/500x500sq/std.lang.all/05/69/asset-3240569.jpg",
    "content": "70cl",
    "price": {
      "basicPrice": 19.79,
      "recommendedQuantity": "1.0",
      "measurementUnitPrice": 28.28,
      "measurementUnit": "L",
      "isRedPrice": false,
      "pricePerUOM": 28.28,
      "activationDate": "07-05-2025",
      "recordSource": "Offline",
      "isPromoActive": "N",
      "priceChangeCode": "H",
      "priceReason": "Reaction"
    },
    "isPriceAvailable": true,
    "channelAvailability": [
      "3_BE_STORE",
      "8_BE_STORE",
      "8_LU_STORE",
      "8_BE_COLLECT_NEXT_DAY",
      "8_BE_HOME_DELIVERY_DRIVER"
    ],
    "businessDomain": "RETAIL_BE",
    "walkRouteSequenceNumber": 962,
    "isAvailable": true,
    "inPromo": false,
    "topCategoryName": "Boissons",
    "topCategoryId": "354",
    "categories": [
      {
        "name": "Boissons",
        "id": "354",
        "children": [
          {
            "name": "Alcools/Spiritueux",
            "id": "412",
            "children": [
              {
                "name": "Liqueurs",
                "id": "419"
              }
            ]
          }
        ]
      }
    ],
    "IsPrivateLabel": false,
    "amount": 0.7,
    "IsBiffe": false,
    "WeightconversionFactor": "0",
    "IsWeightArticle": false,
    "IsBio": false,
    "CountryOfOrigin": "FRANCE",
    "IsExclusivelySoldInLuxembourg": false,
    "OrderUnit": "P",
    "ShortName": "RE GET 27 17.9% 70CL",
    "AlcoholDisclaimermsg": true,
    "IsNew": false,
    "amountUnit": "kg",
    "CountryOfOriginISO": "FR",
    "EcoscoreLabel": "E",
    "ShowAlcoholLegalMsg": true,
    "LongName": "GET 27 liqueur de menthe 17,9% 70cl",
    "RecentQuanityOfStockUnits": "6,1",
    "AlcoholVolume": "17.9",
    "FicCode": "E",
    "EcoscoreValue": "18"
  },
  {
    "technicalArticleNumber": "1217971",
    "commercialArticleNumber": "18017",
    "gtin": [
      "05010327000374",
      "05010327000404",
      "05010327295039"
    ],
    "productId": "12899",
    "name": "Triple Wood 40%",
    "description": "*Scotch blend.whisky\n*\u00c9cosse",
    "brand": "GRANT'S",
    "seoBrand": "Grant's",
    "thumbNail": "https://static.colruytgroup.com/images/200x200/std.lang.all/75/67/asset-3487567.jpg",
    "fullImage": "https://static.colruytgroup.com/images/500x500/std.lang.all/75/67/asset-3487567.jpg",
    "squareImage": "https://static.colruytgroup.com/images/500x500sq/std.lang.all/75/67/asset-3487567.jpg",
    "content": "70cl",
    "price": {
      "basicPrice": 19.95,
      "recommendedQuantity": "1.0",
      "quantityPrice": 17.35,
      "quantityPriceQuantity": "2.0",
      "measurementUnitPrice": 28.5,
      "measurementUnitQuantityPrice": 24.79,
      "measurementUnit": "L",
      "isRedPrice": false,
      "pricePerUOM": 28.5,
      "activationDate": "05-06-2025",
      "recordSource": "Online",
      "isPromoActive": "N",
      "priceChangeCode": "E",
      "quantityPricePerUOM": 24.79,
      "quantityActivationDate": "05-06-2025",
      "quantityPriceChangeCode": "L",
      "priceReason": "Reaction"
    },
    "isPriceAvailable": true,
    "channelAvailability": [
      "3_BE_STORE",
      "8_BE_STORE",
      "8_LU_STORE",
      "8_BE_COLLECT_NEXT_DAY",
      "8_BE_HOME_DELIVERY_DRIVER"
    ],
    "businessDomain": "RETAIL_BE",
    "walkRouteSequenceNumber": 838,
    "isAvailable": true,
    "inPromo": false,
    "topCategoryName": "Boissons",
    "topCategoryId": "354",
    "categories": [
      {
        "name": "Boissons",
        "id": "354",
        "children": [
          {
            "name": "Alcools/Spiritueux",
            "id": "412",
            "children": [
              {
                "name": "Whisky",
                "id": "413"
              }
            ]
          }
        ]
      }
    ],
    "IsPrivateLabel": false,
    "amount": 0.7,
    "IsBiffe": false,
    "WeightconversionFactor": "0",
    "IsWeightArticle": false,
    "IsBio": false,
    "CountryOfOrigin": "ROYAUME-UNI",
    "IsExclusivelySoldInLuxembourg": false,
    "OrderUnit": "P",
    "ShortName": "GRAN TRIP.WOOD 40% 70CL",
    "AlcoholDisclaimermsg": true,
    "IsNew": false,
    "amountUnit": "kg",
    "CountryOfOriginISO": "GB",
    "EcoscoreLabel": "D",
    "ShowAlcoholLegalMsg": true,
    "LongName": "GRANT'S Triple Wood 40% 70cl",
    "RecentQuanityOfStockUnits": "1,6",
    "AlcoholVolume": "40",
    "FicCode": "E",
    "EcoscoreValue": "38"
  },
  {
    "technicalArticleNumber": "3672180",
    "commercialArticleNumber": "19478",
    "gtin": [
      "05060045592347",
      "05060045592354",
      "05010196091008",
      "05010196991209",
      "05060045586872",
      "05060045586889",
      "10080686000386",
      "00080686000389",
      "10080686025068"
    ],
    "productId": "283525",
    "name": "Kentucky Str. Bourbon 40%",
    "description": "*Bourbon\nblended whiskey\n*\u00c9tats-Unis",
    "brand": "JIM BEAM",
    "seoBrand": "Jim Beam",
    "thumbNail": "https://static.colruytgroup.com/images/200x200/std.lang.all/57/80/asset-1205780.jpg",
    "fullImage": "https://static.colruytgroup.com/images/500x500/std.lang.all/57/80/asset-1205780.jpg",
    "squareImage": "https://static.colruytgroup.com/images/500x500sq/std.lang.all/57/80/asset-1205780.jpg",
    "content": "70cl",
    "price": {
      "basicPrice": 19.95,
      "recommendedQuantity": "1.0",
      "measurementUnitPrice": 28.5,
      "measurementUnit": "L",
      "isRedPrice": false,
      "pricePerUOM": 28.5,
      "activationDate": "14-05-2025",
      "recordSource": "Online",
      "isPromoActive": "N",
      "priceChangeCode": "E",
      "priceReason": "Reaction"
    },
    "isPriceAvailable": true,
    "channelAvailability": [
      "8_BE_STORE",
      "8_LU_STORE",
      "8_BE_COLLECT_NEXT_DAY",
      "8_BE_HOME_DELIVERY_DRIVER"
    ],
    "businessDomain": "RETAIL_BE",
    "walkRouteSequenceNumber": 856,
    "isAvailable": true,
    "inPromo": false,
    "topCategoryName": "Boissons",
    "topCategoryId": "354",
    "categories": [
      {
        "name": "Boissons",
        "id": "354",
        "children": [
          {
            "name": "Alcools/Spiritueux",
            "id": "412",
            "children": [
              {
                "name": "Whisky",
                "id": "413"
              }
            ]
          }
        ]
      }
    ],
    "IsPrivateLabel": false,
    "amount": 0.7,
    "IsBiffe": false,
    "WeightconversionFactor": "0",
    "IsWeightArticle": false,
    "IsBio": false,
    "CountryOfOrigin": "\u00c9TATS-UNIS",
    "IsExclusivelySoldInLuxembourg": false,
    "OrderUnit": "P",
    "ShortName": "JIMB KENT.S.BOURBON70CL",
    "AlcoholDisclaimermsg": true,
    "IsNew": false,
    "amountUnit": "kg",
    "CountryOfOriginISO": "US",
    "EcoscoreLabel": "E",
    "ShowAlcoholLegalMsg": true,
    "LongName": "JIM BEAM Kentucky Str. Bourbon 40% 70cl",
    "RecentQuanityOfStockUnits": "1",
    "AlcoholVolume": "40",
    "FicCode": "E",
    "EcoscoreValue": "18"
  },
  {
    "technicalArticleNumber": "3121751",
    "commercialArticleNumber": "7163",
    "gtin": [
      "05000291023165",
      "05000291022694",
      "05000281015248",
      "05000281015279"
    ],
    "productId": "105605",
    "name": "London Dry Gin 43,1%",
    "description": "*Floral-\u00e9pic\u00e9\n*Tonic aromatis\u00e9\n*Garn. baies de\ngen\u00e9vrier\n*Royaume-Uni",
    "brand": "TANQUERAY",
    "seoBrand": "Tanqueray",
    "thumbNail": "https://static.colruytgroup.com/images/200x200/std.lang.all/84/50/asset-2818450.jpg",
    "fullImage": "https://static.colruytgroup.com/images/500x500/std.lang.all/84/50/asset-2818450.jpg",
    "squareImage": "https://static.colruytgroup.com/images/500x500sq/std.lang.all/84/50/asset-2818450.jpg",
    "content": "70cl",
    "price": {
      "basicPrice": 19.99,
      "recommendedQuantity": "1.0",
      "measurementUnitPrice": 28.56,
      "measurementUnit": "L",
      "isRedPrice": false,
      "pricePerUOM": 28.56,
      "activationDate": "28-05-2025",
      "recordSource": "Offline",
      "isPromoActive": "N",
      "priceChangeCode": "L",
      "priceReason": "Reaction"
    },
    "isPriceAvailable": true,
    "channelAvailability": [
      "3_BE_STORE",
      "8_BE_STORE",
      "8_LU_STORE",
      "8_BE_COLLECT_NEXT_DAY",
      "8_BE_HOME_DELIVERY",
      "8_BE_HOME_DELIVERY_DRIVER"
    ],
    "businessDomain": "RETAIL_BE",
    "walkRouteSequenceNumber": 730,
    "isAvailable": true,
    "inPromo": false,
    "topCategoryName": "Boissons",
    "topCategoryId": "354",
    "categories": [
      {
        "name": "Boissons",
        "id": "354",
        "children": [
          {
            "name": "Alcools/Spiritueux",
            "id": "412",
            "children": [
              {
                "name": "Gin",
                "id": "1555"
              }
            ]
          }
        ]
      }
    ],
    "IsPrivateLabel": false,
    "amount": 0.7,
    "IsBiffe": false,
    "WeightconversionFactor": "0",
    "IsWeightArticle": false,
    "IsBio": false,
    "CountryOfOrigin": "ROYAUME-UNI",
    "IsExclusivelySoldInLuxembourg": false,
    "OrderUnit": "P",
    "ShortName": "TANQUERAY GIN 70C",
    "AlcoholDisclaimermsg": true,
    "IsNew": false,
    "amountUnit": "kg",
    "CountryOfOriginISO": "GB",
    "EcoscoreLabel": "C",
    "ShowAlcoholLegalMsg": true,
    "LongName": "TANQUERAY London Dry Gin 43,1% 70cl",
    "RecentQuanityOfStockUnits": "1,6",
    "AlcoholVolume": "43.1",
    "FicCode": "E",
    "EcoscoreValue": "51"
  },
  {
    "technicalArticleNumber": "3300728",
    "commercialArticleNumber": "1109",
    "gtin": [
      "05010677012799",
      "05010677013154",
      "05010677013147",
      "05010677012645",
      "05010677012324",
      "05010677012638"
    ],
    "productId": "143609",
    "name": "Carta Blanca Rum 37,5%",
    "description": "*Rhum blanc\n*Rhum traditionnel\n*Cuba",
    "brand": "BACARD\u00cd",
    "seoBrand": "Bacard\u00ed",
    "thumbNail": "https://static.colruytgroup.com/images/200x200/std.lang.all/98/89/asset-569889.jpg",
    "fullImage": "https://static.colruytgroup.com/images/500x500/std.lang.all/98/89/asset-569889.jpg",
    "squareImage": "https://static.colruytgroup.com/images/500x500sq/std.lang.all/98/89/asset-569889.jpg",
    "content": "70cl",
    "price": {
      "basicPrice": 19.99,
      "recommendedQuantity": "1.0",
      "measurementUnitPrice": 28.56,
      "measurementUnit": "L",
      "isRedPrice": false,
      "pricePerUOM": 28.56,
      "activationDate": "03-06-2025",
      "recordSource": "Offline",
      "isPromoActive": "N",
      "priceChangeCode": "E",
      "priceReason": "Reaction"
    },
    "isPriceAvailable": true,
    "channelAvailability": [
      "3_BE_STORE",
      "8_BE_STORE",
      "8_LU_STORE",
      "8_BE_COLLECT_NEXT_DAY",
      "8_BE_HOME_DELIVERY",
      "8_BE_HOME_DELIVERY_DRIVER"
    ],
    "businessDomain": "RETAIL_BE",
    "walkRouteSequenceNumber": 779,
    "isAvailable": true,
    "inPromo": false,
    "topCategoryName": "Boissons",
    "topCategoryId": "354",
    "categories": [
      {
        "name": "Boissons",
        "id": "354",
        "children": [
          {
            "name": "Alcools/Spiritueux",
            "id": "412",
            "children": [
              {
                "name": "Rhum",
                "id": "1554"
              }
            ]
          }
        ]
      }
    ],
    "IsPrivateLabel": false,
    "amount": 0.7,
    "IsBiffe": false,
    "IsWeightArticle": false,
    "WeightconversionFactor": "0",
    "IsBio": false,
    "CountryOfOrigin": "ALLEMAGNE",
    "IsExclusivelySoldInLuxembourg": false,
    "OrderUnit": "P",
    "AlcoholDisclaimermsg": true,
    "ShortName": "BACARDI BLANCA37.5 70C",
    "IsNew": false,
    "amountUnit": "kg",
    "CountryOfOriginISO": "DE",
    "servings": {
      "source": "0.0",
      "parsedValue": 0
    },
    "EcoscoreLabel": "C",
    "ShowAlcoholLegalMsg": true,
    "LongName": "BACARD\u00cd Carta Blanca Rum 37,5% 70cl",
    "RecentQuanityOfStockUnits": "1,12,6",
    "AlcoholVolume": "37.5",
    "FicCode": "E",
    "EcoscoreValue": "51"
  },
  {
    "technicalArticleNumber": "3300745",
    "commercialArticleNumber": "1992",
    "gtin": [
      "05010677028783",
      "05010677028899",
      "05410098616482"
    ],
    "productId": "143620",
    "name": "Carta Oro Gold Rum 40%",
    "description": "*Rhum \u00e9pic\u00e9\n*Rhum traditionnel\n*Cuba",
    "brand": "BACARD\u00cd",
    "seoBrand": "Bacard\u00ed",
    "thumbNail": "https://static.colruytgroup.com/images/200x200/std.lang.all/52/23/asset-2825223.jpg",
    "fullImage": "https://static.colruytgroup.com/images/500x500/std.lang.all/52/23/asset-2825223.jpg",
    "squareImage": "https://static.colruytgroup.com/images/500x500sq/std.lang.all/52/23/asset-2825223.jpg",
    "content": "70cl",
    "price": {
      "basicPrice": 19.99,
      "recommendedQuantity": "1.0",
      "measurementUnitPrice": 28.56,
      "measurementUnit": "L",
      "isRedPrice": false,
      "pricePerUOM": 28.56,
      "activationDate": "03-06-2025",
      "recordSource": "Offline",
      "isPromoActive": "N",
      "priceChangeCode": "H",
      "priceReason": "Reaction"
    },
    "isPriceAvailable": true,
    "channelAvailability": [
      "3_BE_STORE",
      "8_BE_STORE",
      "8_LU_STORE",
      "8_BE_COLLECT_NEXT_DAY",
      "8_BE_HOME_DELIVERY",
      "8_BE_HOME_DELIVERY_DRIVER"
    ],
    "businessDomain": "RETAIL_BE",
    "walkRouteSequenceNumber": 789,
    "isAvailable": true,
    "inPromo": false,
    "topCategoryName": "Boissons",
    "topCategoryId": "354",
    "categories": [
      {
        "name": "Boissons",
        "id": "354",
        "children": [
          {
            "name": "Alcools/Spiritueux",
            "id": "412",
            "children": [
              {
                "name": "Rhum",
                "id": "1554"
              }
            ]
          }
        ]
      }
    ],
    "IsPrivateLabel": false,
    "amount": 0.7,
    "IsBiffe": false,
    "WeightconversionFactor": "0",
    "IsWeightArticle": false,
    "IsBio": false,
    "CountryOfOrigin": "ALLEMAGNE",
    "IsExclusivelySoldInLuxembourg": false,
    "OrderUnit": "P",
    "ShortName": "BACARDI ORO 40 70CL",
    "AlcoholDisclaimermsg": true,
    "IsNew": false,
    "amountUnit": "kg",
    "CountryOfOriginISO": "DE",
    "EcoscoreLabel": "C",
    "ShowAlcoholLegalMsg": true,
    "LongName": "BACARD\u00cd Carta Oro Gold Rum 40% 70cl",
    "RecentQuanityOfStockUnits": "1,6",
    "AlcoholVolume": "40",
    "FicCode": "E",
    "EcoscoreValue": "51"
  },
  {
    "technicalArticleNumber": "3281586",
    "commercialArticleNumber": "15317",
    "gtin": [
      "00897076002010",
      "10897076002017",
      "05425008641232"
    ],
    "productId": "152011",
    "name": "London Dry Gin 40,0%",
    "description": "*Floral-\u00e9pic\u00e9\n*Tonic neutre\n*Garn. poivre noir\n*Royaume-Uni",
    "brand": "BULLDOG",
    "seoBrand": "Bulldog",
    "thumbNail": "https://static.colruytgroup.com/images/200x200/std.lang.all/15/87/asset-2701587.jpg",
    "fullImage": "https://static.colruytgroup.com/images/500x500/std.lang.all/15/87/asset-2701587.jpg",
    "squareImage": "https://static.colruytgroup.com/images/500x500sq/std.lang.all/15/87/asset-2701587.jpg",
    "content": "70cl",
    "price": {
      "basicPrice": 19.99,
      "recommendedQuantity": "1.0",
      "measurementUnitPrice": 28.56,
      "measurementUnit": "L",
      "isRedPrice": false,
      "pricePerUOM": 28.56,
      "activationDate": "04-06-2025",
      "recordSource": "Folder",
      "isPromoActive": "Y",
      "priceChangeCode": "E",
      "priceReason": "Reaction"
    },
    "isPriceAvailable": true,
    "channelAvailability": [
      "3_BE_STORE",
      "8_BE_STORE",
      "8_LU_STORE",
      "8_BE_COLLECT_NEXT_DAY",
      "8_BE_HOME_DELIVERY",
      "8_BE_HOME_DELIVERY_DRIVER"
    ],
    "businessDomain": "RETAIL_BE",
    "walkRouteSequenceNumber": 734,
    "isAvailable": true,
    "inPromo": false,
    "topCategoryName": "Boissons",
    "topCategoryId": "354",
    "categories": [
      {
        "name": "Boissons",
        "id": "354",
        "children": [
          {
            "name": "Alcools/Spiritueux",
            "id": "412",
            "children": [
              {
                "name": "Gin",
                "id": "1555"
              }
            ]
          }
        ]
      }
    ],
    "IsPrivateLabel": false,
    "amount": 0.7,
    "IsBiffe": false,
    "WeightconversionFactor": "0",
    "IsWeightArticle": false,
    "IsBio": false,
    "CountryOfOrigin": "ROYAUME-UNI",
    "IsExclusivelySoldInLuxembourg": false,
    "OrderUnit": "P",
    "ShortName": "BULLDOG DRY GIN 40%70CL",
    "AlcoholDisclaimermsg": true,
    "IsNew": false,
    "amountUnit": "kg",
    "CountryOfOriginISO": "GB",
    "EcoscoreLabel": "B",
    "ShowAlcoholLegalMsg": true,
    "LongName": "BULLDOG London Dry Gin 40,0% 70cl",
    "RecentQuanityOfStockUnits": "1,6",
    "AlcoholVolume": "40",
    "FicCode": "E",
    "EcoscoreValue": "72"
  },
  {
    "technicalArticleNumber": "3268055",
    "commercialArticleNumber": "38930",
    "gtin": [
      "05010677710497",
      "05010677704182"
    ],
    "productId": "152591",
    "name": "London Dry Gin 37,5%",
    "description": "*Gin\n*37,5 % vol\n*Floral - doux\n*Se combine avec :\ntonic neutre",
    "brand": "BOMBAY",
    "seoBrand": "Bombay",
    "thumbNail": "https://static.colruytgroup.com/images/200x200/std.lang.all/14/11/asset-2791411.jpg",
    "fullImage": "https://static.colruytgroup.com/images/500x500/std.lang.all/14/11/asset-2791411.jpg",
    "squareImage": "https://static.colruytgroup.com/images/500x500sq/std.lang.all/14/11/asset-2791411.jpg",
    "content": "70cl",
    "price": {
      "basicPrice": 19.99,
      "recommendedQuantity": "1.0",
      "measurementUnitPrice": 28.56,
      "measurementUnit": "L",
      "isRedPrice": false,
      "pricePerUOM": 28.56,
      "activationDate": "23-05-2025",
      "recordSource": "Offline",
      "isPromoActive": "N",
      "priceChangeCode": "L",
      "priceReason": "Reaction"
    },
    "isPriceAvailable": true,
    "channelAvailability": [
      "3_BE_STORE",
      "8_BE_STORE",
      "8_LU_STORE",
      "8_BE_COLLECT_NEXT_DAY",
      "8_BE_HOME_DELIVERY",
      "8_BE_HOME_DELIVERY_DRIVER"
    ],
    "businessDomain": "RETAIL_BE",
    "walkRouteSequenceNumber": 729,
    "isAvailable": true,
    "inPromo": false,
    "topCategoryName": "Boissons",
    "topCategoryId": "354",
    "categories": [
      {
        "name": "Boissons",
        "id": "354",
        "children": [
          {
            "name": "Alcools/Spiritueux",
            "id": "412",
            "children": [
              {
                "name": "Gin",
                "id": "1555"
              }
            ]
          }
        ]
      }
    ],
    "IsPrivateLabel": false,
    "amount": 0.7,
    "IsBiffe": false,
    "IsWeightArticle": false,
    "WeightconversionFactor": "0",
    "IsBio": false,
    "CountryOfOrigin": "ROYAUME-UNI",
    "IsExclusivelySoldInLuxembourg": false,
    "OrderUnit": "P",
    "AlcoholDisclaimermsg": true,
    "InSeason": true,
    "ShortName": "BOMB ORIGINAL 37.5%70CL",
    "IsNew": false,
    "amountUnit": "kg",
    "CountryOfOriginISO": "GB",
    "EcoscoreLabel": "C",
    "ShowAlcoholLegalMsg": true,
    "LongName": "BOMBAY London Dry Gin 37,5% 70cl",
    "RecentQuanityOfStockUnits": "1,6",
    "AlcoholVolume": "37.5",
    "StartSeasonDate": "11/10/2021",
    "FicCode": "E",
    "EcoscoreValue": "51"
  },
  {
    "technicalArticleNumber": "18726",
    "commercialArticleNumber": "18726",
    "gtin": [
      "15410293814871",
      "15410293814109",
      "05410293814065",
      "15410293814062"
    ],
    "productId": "1362",
    "name": "geni\u00e8vre extra 35%",
    "description": "*Geni\u00e8vre\n*35,0 % vol\n*Go\u00fbt: grain",
    "brand": "SMEETS",
    "seoBrand": "Smeets",
    "thumbNail": "https://static.colruytgroup.com/images/200x200/std.lang.all/52/23/asset-1335223.jpg",
    "fullImage": "https://static.colruytgroup.com/images/500x500/std.lang.all/52/23/asset-1335223.jpg",
    "squareImage": "https://static.colruytgroup.com/images/500x500sq/std.lang.all/52/23/asset-1335223.jpg",
    "content": "1L",
    "price": {
      "basicPrice": 19.99,
      "recommendedQuantity": "1.0",
      "measurementUnitPrice": 19.99,
      "measurementUnit": "L",
      "isRedPrice": false,
      "pricePerUOM": 19.99,
      "activationDate": "12-05-2025",
      "recordSource": "Offline",
      "isPromoActive": "N",
      "priceChangeCode": "E",
      "priceReason": "Reaction"
    },
    "isPriceAvailable": true,
    "channelAvailability": [
      "3_BE_STORE",
      "8_BE_STORE",
      "8_BE_COLLECT_NEXT_DAY",
      "8_BE_HOME_DELIVERY_DRIVER"
    ],
    "businessDomain": "RETAIL_BE",
    "walkRouteSequenceNumber": 881,
    "isAvailable": true,
    "inPromo": false,
    "topCategoryName": "Boissons",
    "topCategoryId": "354",
    "categories": [
      {
        "name": "Boissons",
        "id": "354",
        "children": [
          {
            "name": "Alcools/Spiritueux",
            "id": "412",
            "children": [
              {
                "name": "Geni\u00e8vre",
                "id": "416"
              }
            ]
          }
        ]
      }
    ],
    "IsPrivateLabel": false,
    "amount": {
      "source": "1.0",
      "parsedValue": 1
    },
    "IsBiffe": false,
    "WeightconversionFactor": "0",
    "IsWeightArticle": false,
    "IsBio": false,
    "CountryOfOrigin": "BELGIQUE",
    "IsExclusivelySoldInLuxembourg": false,
    "OrderUnit": "P",
    "ShortName": "RE SMEETS EXTRA 35D 1L",
    "AlcoholDisclaimermsg": true,
    "IsNew": false,
    "amountUnit": "kg",
    "CountryOfOriginISO": "BE",
    "EcoscoreLabel": "C",
    "ShowAlcoholLegalMsg": true,
    "LongName": "SMEETS geni\u00e8vre extra 35% 1L",
    "RecentQuanityOfStockUnits": "1",
    "AlcoholVolume": "35",
    "FicCode": "E",
    "EcoscoreValue": "51"
  },
  {
    "technicalArticleNumber": "3946354",
    "commercialArticleNumber": "1696",
    "gtin": [
      "08001305390027",
      "08001305390034"
    ],
    "productId": "422142",
    "name": "Grappa Ant.Cast38%",
    "description": "*Grappa\n*38% vol\n*Digestif",
    "brand": "ERCOLE GAGLIANO",
    "seoBrand": "Ercole Gagliano",
    "thumbNail": "https://static.colruytgroup.com/images/200x200/std.lang.all/44/00/asset-1684400.jpg",
    "fullImage": "https://static.colruytgroup.com/images/500x500/std.lang.all/44/00/asset-1684400.jpg",
    "squareImage": "https://static.colruytgroup.com/images/500x500sq/std.lang.all/44/00/asset-1684400.jpg",
    "content": "70cl",
    "price": {
      "basicPrice": 19.99,
      "recommendedQuantity": "1.0",
      "quantityPrice": 19.19,
      "quantityPriceQuantity": "3.0",
      "measurementUnitPrice": 28.56,
      "measurementUnitQuantityPrice": 27.42,
      "measurementUnit": "L",
      "isRedPrice": false,
      "pricePerUOM": 28.56,
      "activationDate": "18-12-2024",
      "isPromoActive": "N",
      "priceChangeCode": "H",
      "quantityPricePerUOM": 27.42,
      "quantityActivationDate": "18-12-2024",
      "quantityPriceChangeCode": "E",
      "priceReason": "FALLBACK"
    },
    "isPriceAvailable": true,
    "channelAvailability": [
      "8_BE_STORE",
      "8_LU_STORE",
      "8_BE_COLLECT_NEXT_DAY",
      "8_BE_HOME_DELIVERY_DRIVER"
    ],
    "businessDomain": "RETAIL_BE",
    "walkRouteSequenceNumber": 907,
    "isAvailable": true,
    "inPromo": false,
    "topCategoryName": "Boissons",
    "topCategoryId": "354",
    "categories": [
      {
        "name": "Boissons",
        "id": "354",
        "children": [
          {
            "name": "Alcools/Spiritueux",
            "id": "412",
            "children": [
              {
                "name": "Liqueurs",
                "id": "419"
              }
            ]
          }
        ]
      }
    ],
    "IsPrivateLabel": false,
    "amount": 0.7,
    "IsBiffe": false,
    "WeightconversionFactor": "0",
    "IsWeightArticle": false,
    "IsBio": false,
    "CountryOfOrigin": "ITALIE",
    "IsExclusivelySoldInLuxembourg": false,
    "OrderUnit": "P",
    "ShortName": "ERCO GRAPPA 38% 70CL",
    "AlcoholDisclaimermsg": true,
    "IsNew": false,
    "amountUnit": "kg",
    "CountryOfOriginISO": "IT",
    "ShowAlcoholLegalMsg": true,
    "LongName": "ERCOLE GAGLIANO Grappa Ant.Cast38% 70cl",
    "RecentQuanityOfStockUnits": "1",
    "AlcoholVolume": "38",
    "FicCode": "E"
  },
  {
    "technicalArticleNumber": "4301717",
    "commercialArticleNumber": "23624",
    "gtin": [
      "07610113007518",
      "07610113004227"
    ],
    "productId": "621943",
    "name": "Spiced Rum 35%",
    "description": "*35% vol\n*Rhum",
    "brand": "BACARD\u00cd",
    "seoBrand": "Bacard\u00ed",
    "thumbNail": "https://static.colruytgroup.com/images/200x200/std.lang.all/27/26/asset-2932726.jpg",
    "fullImage": "https://static.colruytgroup.com/images/500x500/std.lang.all/27/26/asset-2932726.jpg",
    "squareImage": "https://static.colruytgroup.com/images/500x500sq/std.lang.all/27/26/asset-2932726.jpg",
    "content": "70cl",
    "price": {
      "basicPrice": 19.99,
      "recommendedQuantity": "1.0",
      "measurementUnitPrice": 28.56,
      "measurementUnit": "L",
      "isRedPrice": false,
      "pricePerUOM": 28.56,
      "activationDate": "22-05-2025",
      "recordSource": "Offline",
      "isPromoActive": "N",
      "priceChangeCode": "E",
      "priceReason": "Reaction"
    },
    "isPriceAvailable": true,
    "channelAvailability": [
      "8_BE_STORE",
      "8_LU_STORE",
      "8_BE_COLLECT_NEXT_DAY",
      "8_BE_HOME_DELIVERY",
      "8_BE_HOME_DELIVERY_DRIVER"
    ],
    "businessDomain": "RETAIL_BE",
    "walkRouteSequenceNumber": 787,
    "isAvailable": true,
    "inPromo": false,
    "topCategoryName": "Boissons",
    "topCategoryId": "354",
    "categories": [
      {
        "name": "Boissons",
        "id": "354",
        "children": [
          {
            "name": "Alcools/Spiritueux",
            "id": "412",
            "children": [
              {
                "name": "Rhum",
                "id": "1554"
              }
            ]
          }
        ]
      }
    ],
    "IsPrivateLabel": false,
    "amount": 0.7,
    "IsBiffe": false,
    "IsWeightArticle": false,
    "WeightconversionFactor": "0",
    "IsBio": false,
    "CountryOfOrigin": "ITALIE",
    "IsExclusivelySoldInLuxembourg": false,
    "OrderUnit": "P",
    "AlcoholDisclaimermsg": true,
    "InSeason": true,
    "ShortName": "BACA SPICED 35% 70CL",
    "IsNew": false,
    "amountUnit": "kg",
    "CountryOfOriginISO": "IT",
    "servings": {
      "source": "23.0",
      "parsedValue": 23
    },
    "EcoscoreLabel": "C",
    "ShowAlcoholLegalMsg": true,
    "LongName": "BACARD\u00cd Spiced Rum 35% 70cl",
    "RecentQuanityOfStockUnits": "6,1",
    "AlcoholVolume": "35",
    "StartSeasonDate": "09/02/2022",
    "FicCode": "E",
    "EcoscoreValue": "51"
  },
  {
    "technicalArticleNumber": "4795498",
    "commercialArticleNumber": "35742",
    "gtin": [
      "28501110088835",
      "08501110088831"
    ],
    "productId": "1033460",
    "name": "Rhum blanc 3 A\u00f1os 37,5%",
    "description": "*Rhum blanc\n*Rhum traditionnel\n*Cuba\n*3 ans de matur.",
    "brand": "HAVANA CLUB",
    "seoBrand": "Havana Club",
    "thumbNail": "https://static.colruytgroup.com/images/200x200/std.lang.all/31/68/asset-3503168.jpg",
    "fullImage": "https://static.colruytgroup.com/images/500x500/std.lang.all/31/68/asset-3503168.jpg",
    "squareImage": "https://static.colruytgroup.com/images/500x500sq/std.lang.all/31/68/asset-3503168.jpg",
    "content": "70cl",
    "price": {
      "basicPrice": 19.99,
      "recommendedQuantity": "1.0",
      "measurementUnitPrice": 28.56,
      "measurementUnit": "L",
      "isRedPrice": false,
      "pricePerUOM": 28.56,
      "activationDate": "04-06-2025",
      "recordSource": "Offline",
      "isPromoActive": "N",
      "priceChangeCode": "H",
      "priceReason": "Reaction"
    },
    "isPriceAvailable": true,
    "channelAvailability": [
      "3_BE_STORE",
      "8_BE_STORE",
      "8_LU_STORE",
      "8_BE_COLLECT_NEXT_DAY",
      "8_BE_HOME_DELIVERY",
      "8_BE_HOME_DELIVERY_DRIVER"
    ],
    "businessDomain": "RETAIL_BE",
    "walkRouteSequenceNumber": 782,
    "isAvailable": true,
    "inPromo": false,
    "topCategoryName": "Boissons",
    "topCategoryId": "354",
    "categories": [
      {
        "name": "Boissons",
        "id": "354",
        "children": [
          {
            "name": "Alcools/Spiritueux",
            "id": "412",
            "children": [
              {
                "name": "Rhum",
                "id": "1554"
              }
            ]
          }
        ]
      }
    ],
    "IsPrivateLabel": false,
    "amount": 0.7,
    "IsBiffe": false,
    "WeightconversionFactor": "0",
    "IsWeightArticle": false,
    "IsBio": false,
    "CountryOfOrigin": "CUBA",
    "IsExclusivelySoldInLuxembourg": false,
    "OrderUnit": "P",
    "ShortName": "HACL BLANC3Y 37.5% 70CL",
    "AlcoholDisclaimermsg": true,
    "IsNew": false,
    "amountUnit": "kg",
    "CountryOfOriginISO": "CU",
    "EcoscoreLabel": "D",
    "ShowAlcoholLegalMsg": true,
    "LongName": "HAVANA CLUB Rhum blanc 3 A\u00f1os 37,5% 70cl",
    "RecentQuanityOfStockUnits": "1,6",
    "AlcoholVolume": "37.5",
    "FicCode": "E",
    "EcoscoreValue": "38"
  },
  {
    "technicalArticleNumber": "4433137",
    "commercialArticleNumber": "15416",
    "gtin": [
      "05060045590039",
      "05060045590022",
      "00080686021902",
      "10080686021909"
    ],
    "productId": "700646",
    "name": "Honey 32,5%",
    "description": "*Bourbon bl. whiskey\n*\u00c9tats-Unis",
    "brand": "JIM BEAM",
    "seoBrand": "Jim Beam",
    "thumbNail": "https://static.colruytgroup.com/images/200x200/std.lang.all/01/35/asset-2460135.jpg",
    "fullImage": "https://static.colruytgroup.com/images/500x500/std.lang.all/01/35/asset-2460135.jpg",
    "squareImage": "https://static.colruytgroup.com/images/500x500sq/std.lang.all/01/35/asset-2460135.jpg",
    "content": "70cl",
    "price": {
      "basicPrice": 20.5,
      "recommendedQuantity": "1.0",
      "measurementUnitPrice": 29.29,
      "measurementUnit": "L",
      "isRedPrice": false,
      "pricePerUOM": 29.29,
      "activationDate": "21-05-2025",
      "recordSource": "Online",
      "isPromoActive": "N",
      "priceChangeCode": "E",
      "priceReason": "Reaction"
    },
    "isPriceAvailable": true,
    "channelAvailability": [
      "8_BE_STORE",
      "8_LU_STORE",
      "8_BE_COLLECT_NEXT_DAY",
      "8_BE_HOME_DELIVERY_DRIVER"
    ],
    "businessDomain": "RETAIL_BE",
    "walkRouteSequenceNumber": 855,
    "isAvailable": true,
    "inPromo": false,
    "topCategoryName": "Boissons",
    "topCategoryId": "354",
    "categories": [
      {
        "name": "Boissons",
        "id": "354",
        "children": [
          {
            "name": "Alcools/Spiritueux",
            "id": "412",
            "children": [
              {
                "name": "Whisky",
                "id": "413"
              }
            ]
          }
        ]
      }
    ],
    "IsPrivateLabel": false,
    "amount": 0.7,
    "IsBiffe": false,
    "WeightconversionFactor": "0",
    "IsWeightArticle": false,
    "IsBio": false,
    "CountryOfOrigin": "\u00c9TATS-UNIS",
    "IsExclusivelySoldInLuxembourg": false,
    "OrderUnit": "P",
    "ShortName": "JIMB HONEY 32.5% 70CL",
    "AlcoholDisclaimermsg": true,
    "IsNew": false,
    "amountUnit": "kg",
    "CountryOfOriginISO": "US",
    "EcoscoreLabel": "E",
    "ShowAlcoholLegalMsg": true,
    "LongName": "JIM BEAM Honey 32,5% 70cl",
    "RecentQuanityOfStockUnits": "1",
    "AlcoholVolume": "32.5",
    "FicCode": "E",
    "EcoscoreValue": "18"
  },
  {
    "technicalArticleNumber": "4329970",
    "commercialArticleNumber": "7822",
    "gtin": [
      "05011013934546",
      "05011013934539"
    ],
    "productId": "638621",
    "name": "Salted Caramel 17%",
    "description": "*Liqueur\n*Digestif\n*17% vol",
    "brand": "BAILEYS",
    "seoBrand": "Baileys",
    "thumbNail": "https://static.colruytgroup.com/images/200x200/std.lang.all/20/55/asset-3222055.jpg",
    "fullImage": "https://static.colruytgroup.com/images/500x500/std.lang.all/20/55/asset-3222055.jpg",
    "squareImage": "https://static.colruytgroup.com/images/500x500sq/std.lang.all/20/55/asset-3222055.jpg",
    "content": "70cl",
    "price": {
      "basicPrice": 20.89,
      "recommendedQuantity": "1.0",
      "measurementUnitPrice": 29.85,
      "measurementUnit": "L",
      "isRedPrice": false,
      "pricePerUOM": 29.85,
      "activationDate": "24-05-2025",
      "recordSource": "Offline",
      "isPromoActive": "N",
      "priceChangeCode": "H",
      "priceReason": "Reaction"
    },
    "isPriceAvailable": true,
    "channelAvailability": [
      "3_BE_STORE",
      "8_BE_STORE",
      "8_LU_STORE",
      "8_BE_COLLECT_NEXT_DAY",
      "8_BE_HOME_DELIVERY_DRIVER"
    ],
    "businessDomain": "RETAIL_BE",
    "walkRouteSequenceNumber": 919,
    "isAvailable": true,
    "inPromo": false,
    "topCategoryName": "Boissons",
    "topCategoryId": "354",
    "categories": [
      {
        "name": "Boissons",
        "id": "354",
        "children": [
          {
            "name": "Alcools/Spiritueux",
            "id": "412",
            "children": [
              {
                "name": "Cr\u00e8mes",
                "id": "420"
              }
            ]
          }
        ]
      }
    ],
    "IsPrivateLabel": false,
    "amount": 0.7,
    "IsBiffe": false,
    "WeightconversionFactor": "0",
    "IsWeightArticle": false,
    "IsBio": false,
    "CountryOfOrigin": "IRLANDE",
    "IsExclusivelySoldInLuxembourg": false,
    "OrderUnit": "P",
    "ShortName": "BAIL SALTED CARAMEL70CL",
    "AlcoholDisclaimermsg": true,
    "IsNew": false,
    "amountUnit": "kg",
    "CountryOfOriginISO": "IE",
    "EcoscoreLabel": "D",
    "ShowAlcoholLegalMsg": true,
    "LongName": "BAILEYS Salted Caramel 17% 70cl",
    "RecentQuanityOfStockUnits": "1",
    "AlcoholVolume": "17",
    "FicCode": "E",
    "EcoscoreValue": "31"
  },
  {
    "technicalArticleNumber": "18010",
    "commercialArticleNumber": "18010",
    "gtin": [
      "03011930826063",
      "03011930003198",
      "03011938001752",
      "05010677980012"
    ],
    "productId": "1311",
    "name": "tequila 35%",
    "description": "*Tequila\n*35,0 % vol",
    "brand": "CAMINO REAL",
    "seoBrand": "Camino Real",
    "thumbNail": "https://static.colruytgroup.com/images/200x200/std.lang.all/75/99/asset-3217599.jpg",
    "fullImage": "https://static.colruytgroup.com/images/500x500/std.lang.all/75/99/asset-3217599.jpg",
    "squareImage": "https://static.colruytgroup.com/images/500x500sq/std.lang.all/75/99/asset-3217599.jpg",
    "content": "70cl",
    "price": {
      "basicPrice": 20.99,
      "recommendedQuantity": "1.0",
      "measurementUnitPrice": 29.99,
      "measurementUnit": "L",
      "isRedPrice": false,
      "pricePerUOM": 29.99,
      "activationDate": "04-06-2025",
      "recordSource": "Offline",
      "isPromoActive": "N",
      "priceChangeCode": "H",
      "priceReason": "Reaction"
    },
    "isPriceAvailable": true,
    "channelAvailability": [
      "3_BE_STORE",
      "8_BE_STORE",
      "8_LU_STORE",
      "8_BE_COLLECT_NEXT_DAY",
      "8_BE_HOME_DELIVERY",
      "8_BE_HOME_DELIVERY_DRIVER"
    ],
    "businessDomain": "RETAIL_BE",
    "walkRouteSequenceNumber": 816,
    "isAvailable": true,
    "inPromo": false,
    "topCategoryName": "Boissons",
    "topCategoryId": "354",
    "categories": [
      {
        "name": "Boissons",
        "id": "354",
        "children": [
          {
            "name": "Alcools/Spiritueux",
            "id": "412",
            "children": [
              {
                "name": "Autres alcools",
                "id": "751"
              }
            ]
          }
        ]
      }
    ],
    "IsPrivateLabel": false,
    "amount": 0.7,
    "IsBiffe": false,
    "WeightconversionFactor": "0",
    "IsWeightArticle": false,
    "IsBio": false,
    "CountryOfOrigin": "MEXIQUE",
    "IsExclusivelySoldInLuxembourg": false,
    "OrderUnit": "P",
    "ShortName": "TEQUILA CAMINO 35% 70CL",
    "AlcoholDisclaimermsg": true,
    "InSeason": true,
    "IsNew": false,
    "amountUnit": "kg",
    "CountryOfOriginISO": "MX",
    "ShowAlcoholLegalMsg": true,
    "LongName": "CAMINO REAL tequila 35% 70cl",
    "RecentQuanityOfStockUnits": "1",
    "AlcoholVolume": "35",
    "StartSeasonDate": "15/06/2009",
    "FicCode": "E"
  },
  {
    "technicalArticleNumber": "18400",
    "commercialArticleNumber": "18400",
    "gtin": [
      "03035540006950",
      "03035542004206",
      "03035549004209",
      "13035542004203"
    ],
    "productId": "1332",
    "name": "liqueur 40%",
    "description": "*Liqueur\n*40,0 % vol",
    "brand": "COINTREAU",
    "seoBrand": "Cointreau",
    "thumbNail": "https://static.colruytgroup.com/images/200x200/std.lang.all/76/00/asset-3217600.jpg",
    "fullImage": "https://static.colruytgroup.com/images/500x500/std.lang.all/76/00/asset-3217600.jpg",
    "squareImage": "https://static.colruytgroup.com/images/500x500sq/std.lang.all/76/00/asset-3217600.jpg",
    "content": "70cl",
    "price": {
      "basicPrice": 20.99,
      "recommendedQuantity": "1.0",
      "measurementUnitPrice": 29.99,
      "measurementUnit": "L",
      "isRedPrice": false,
      "pricePerUOM": 29.99,
      "activationDate": "04-06-2025",
      "recordSource": "Offline",
      "isPromoActive": "N",
      "priceChangeCode": "H",
      "priceReason": "Reaction"
    },
    "isPriceAvailable": true,
    "channelAvailability": [
      "3_BE_STORE",
      "8_BE_STORE",
      "8_LU_STORE",
      "8_BE_COLLECT_NEXT_DAY",
      "8_BE_HOME_DELIVERY",
      "8_BE_HOME_DELIVERY_DRIVER"
    ],
    "businessDomain": "RETAIL_BE",
    "walkRouteSequenceNumber": 904,
    "isAvailable": true,
    "inPromo": false,
    "topCategoryName": "Boissons",
    "topCategoryId": "354",
    "categories": [
      {
        "name": "Boissons",
        "id": "354",
        "children": [
          {
            "name": "Alcools/Spiritueux",
            "id": "412",
            "children": [
              {
                "name": "Liqueurs",
                "id": "419"
              }
            ]
          }
        ]
      }
    ],
    "IsPrivateLabel": false,
    "amount": 0.7,
    "IsBiffe": false,
    "WeightconversionFactor": "0",
    "IsWeightArticle": false,
    "IsBio": false,
    "CountryOfOrigin": "FRANCE",
    "IsExclusivelySoldInLuxembourg": false,
    "OrderUnit": "P",
    "ShortName": "COINTREAU 40% 70CL",
    "AlcoholDisclaimermsg": true,
    "IsNew": false,
    "amountUnit": "kg",
    "CountryOfOriginISO": "FR",
    "EcoscoreLabel": "E",
    "ShowAlcoholLegalMsg": true,
    "LongName": "COINTREAU liqueur 40% 70cl",
    "RecentQuanityOfStockUnits": "6,1,6",
    "AlcoholVolume": "40",
    "FicCode": "E",
    "EcoscoreValue": "18"
  },
  {
    "technicalArticleNumber": "4033495",
    "commercialArticleNumber": "5746",
    "gtin": [
      "05400141243321",
      "15400141243328"
    ],
    "productId": "448920",
    "name": "Spiced rum 40%",
    "description": "*Rhum \u00e9pic\u00e9\n*Rhum traditionnel",
    "brand": "MARIE GALANTE",
    "seoBrand": "Marie Galante",
    "thumbNail": "https://static.colruytgroup.com/images/200x200/std.lang.all/77/57/asset-1847757.jpg",
    "fullImage": "https://static.colruytgroup.com/images/500x500/std.lang.all/77/57/asset-1847757.jpg",
    "squareImage": "https://static.colruytgroup.com/images/500x500sq/std.lang.all/77/57/asset-1847757.jpg",
    "content": "70cl",
    "price": {
      "basicPrice": 20.99,
      "recommendedQuantity": "1.0",
      "measurementUnitPrice": 29.99,
      "measurementUnit": "L",
      "isRedPrice": false,
      "pricePerUOM": 29.99,
      "activationDate": "18-12-2024",
      "isPromoActive": "N",
      "priceChangeCode": "H",
      "priceReason": "FALLBACK"
    },
    "isPriceAvailable": true,
    "channelAvailability": [
      "3_BE_STORE",
      "8_BE_STORE",
      "8_LU_STORE",
      "8_BE_COLLECT_NEXT_DAY",
      "8_BE_HOME_DELIVERY",
      "8_BE_HOME_DELIVERY_DRIVER"
    ],
    "businessDomain": "RETAIL_BE",
    "walkRouteSequenceNumber": 805,
    "isAvailable": true,
    "inPromo": false,
    "topCategoryName": "Boissons",
    "topCategoryId": "354",
    "categories": [
      {
        "name": "Boissons",
        "id": "354",
        "children": [
          {
            "name": "Alcools/Spiritueux",
            "id": "412",
            "children": [
              {
                "name": "Rhum",
                "id": "1554"
              }
            ]
          }
        ]
      }
    ],
    "IsPrivateLabel": true,
    "amount": 0.7,
    "IsBiffe": false,
    "WeightconversionFactor": "0",
    "IsWeightArticle": false,
    "IsBio": false,
    "CountryOfOrigin": "SWAZILAND",
    "IsExclusivelySoldInLuxembourg": false,
    "OrderUnit": "P",
    "ShortName": "MAGA SPICED RUM 40% 70C",
    "AlcoholDisclaimermsg": true,
    "IsNew": false,
    "amountUnit": "kg",
    "CountryOfOriginISO": "SZ",
    "EcoscoreLabel": "C",
    "ShowAlcoholLegalMsg": true,
    "LongName": "MARIE GALANTE Spiced rum 40% 70cl",
    "RecentQuanityOfStockUnits": "1",
    "AlcoholVolume": "40",
    "FicCode": "I",
    "EcoscoreValue": "50"
  },
  {
    "technicalArticleNumber": "4296618",
    "commercialArticleNumber": "19479",
    "gtin": [
      "05400141419443",
      "15400141419440"
    ],
    "productId": "619023",
    "name": "Asian Gin 40%",
    "description": "*Fruit\u00e9-\u00e9pic\u00e9\n*Tonic neutre\n*Garn. menthe\n*Allemagne",
    "brand": "MARIE GALANTE",
    "seoBrand": "Marie Galante",
    "thumbNail": "https://static.colruytgroup.com/images/200x200/std.lang.all/23/50/asset-2282350.jpg",
    "fullImage": "https://static.colruytgroup.com/images/500x500/std.lang.all/23/50/asset-2282350.jpg",
    "squareImage": "https://static.colruytgroup.com/images/500x500sq/std.lang.all/23/50/asset-2282350.jpg",
    "content": "70cl",
    "price": {
      "basicPrice": 20.99,
      "recommendedQuantity": "1.0",
      "measurementUnitPrice": 29.99,
      "measurementUnit": "L",
      "isRedPrice": false,
      "pricePerUOM": 29.99,
      "activationDate": "04-12-2024",
      "isPromoActive": "N",
      "priceChangeCode": "H",
      "priceReason": "FALLBACK"
    },
    "isPriceAvailable": true,
    "channelAvailability": [
      "8_BE_STORE",
      "8_LU_STORE",
      "8_BE_COLLECT_NEXT_DAY",
      "8_BE_HOME_DELIVERY",
      "8_BE_HOME_DELIVERY_DRIVER"
    ],
    "businessDomain": "RETAIL_BE",
    "walkRouteSequenceNumber": 738,
    "isAvailable": true,
    "inPromo": false,
    "topCategoryName": "Boissons",
    "topCategoryId": "354",
    "categories": [
      {
        "name": "Boissons",
        "id": "354",
        "children": [
          {
            "name": "Alcools/Spiritueux",
            "id": "412",
            "children": [
              {
                "name": "Gin",
                "id": "1555"
              }
            ]
          }
        ]
      }
    ],
    "IsPrivateLabel": true,
    "amount": 0.7,
    "IsBiffe": false,
    "WeightconversionFactor": "0",
    "IsWeightArticle": false,
    "IsBio": false,
    "CountryOfOrigin": "ALLEMAGNE",
    "IsExclusivelySoldInLuxembourg": false,
    "OrderUnit": "P",
    "ShortName": "MAGA ASIAN GIN 40% 70CL",
    "AlcoholDisclaimermsg": true,
    "IsNew": false,
    "amountUnit": "kg",
    "CountryOfOriginISO": "DE",
    "EcoscoreLabel": "C",
    "ShowAlcoholLegalMsg": true,
    "LongName": "MARIE GALANTE Asian Gin 40% 70cl",
    "RecentQuanityOfStockUnits": "1",
    "AlcoholVolume": "40",
    "FicCode": "I",
    "EcoscoreValue": "51"
  },
  {
    "technicalArticleNumber": "18812",
    "commercialArticleNumber": "18812",
    "gtin": [
      "07312040017683",
      "05413585000023",
      "17312040017680",
      "07312040097685",
      "07312040552801",
      "87312040552807"
    ],
    "productId": "1372",
    "name": "Vodka 40%",
    "description": "*Vodka\n*Base pour cocktail\n*40 % vol",
    "brand": "ABSOLUT",
    "seoBrand": "Absolut",
    "thumbNail": "https://static.colruytgroup.com/images/200x200/std.lang.all/80/93/asset-3628093.jpg",
    "fullImage": "https://static.colruytgroup.com/images/500x500/std.lang.all/80/93/asset-3628093.jpg",
    "squareImage": "https://static.colruytgroup.com/images/500x500sq/std.lang.all/80/93/asset-3628093.jpg",
    "content": "70cl",
    "price": {
      "basicPrice": 21.29,
      "recommendedQuantity": "1.0",
      "measurementUnitPrice": 30.42,
      "measurementUnit": "L",
      "isRedPrice": false,
      "pricePerUOM": 30.42,
      "activationDate": "17-05-2025",
      "recordSource": "Online",
      "isPromoActive": "N",
      "priceChangeCode": "E",
      "priceReason": "Reaction"
    },
    "isPriceAvailable": true,
    "channelAvailability": [
      "3_BE_STORE",
      "8_BE_STORE",
      "8_LU_STORE",
      "8_BE_COLLECT_NEXT_DAY",
      "8_BE_HOME_DELIVERY",
      "8_BE_HOME_DELIVERY_DRIVER"
    ],
    "businessDomain": "RETAIL_BE",
    "walkRouteSequenceNumber": 822,
    "isAvailable": true,
    "inPromo": false,
    "topCategoryName": "Boissons",
    "topCategoryId": "354",
    "categories": [
      {
        "name": "Boissons",
        "id": "354",
        "children": [
          {
            "name": "Alcools/Spiritueux",
            "id": "412",
            "children": [
              {
                "name": "Vodka",
                "id": "418"
              }
            ]
          }
        ]
      }
    ],
    "IsPrivateLabel": false,
    "amount": 0.7,
    "IsBiffe": false,
    "WeightconversionFactor": "0",
    "IsWeightArticle": false,
    "IsBio": false,
    "CountryOfOrigin": "SU\u00c8DE",
    "IsExclusivelySoldInLuxembourg": false,
    "OrderUnit": "P",
    "ShortName": "ABSO VODKA 40% 70CL",
    "AlcoholDisclaimermsg": true,
    "IsNew": false,
    "amountUnit": "kg",
    "CountryOfOriginISO": "SE",
    "EcoscoreLabel": "D",
    "ShowAlcoholLegalMsg": true,
    "LongName": "ABSOLUT Vodka 40% 70cl",
    "RecentQuanityOfStockUnits": "1,6,1,6,6",
    "AlcoholVolume": "40",
    "FicCode": "E",
    "EcoscoreValue": "38"
  },
  {
    "technicalArticleNumber": "18528",
    "commercialArticleNumber": "18528",
    "gtin": [
      "03289231130015",
      "03289231130039"
    ],
    "productId": "1344",
    "name": "armagnac 40,0%vol",
    "description": "*Armagnac\n*Au moins 4 ans\nd'\u00e2ge\n*Digestif\n*40,0 % vol",
    "brand": "DUC DE MARAVAT",
    "seoBrand": "Duc De Maravat",
    "thumbNail": "https://static.colruytgroup.com/images/200x200/std.lang.all/84/74/asset-1648474.jpg",
    "fullImage": "https://static.colruytgroup.com/images/500x500/std.lang.all/84/74/asset-1648474.jpg",
    "squareImage": "https://static.colruytgroup.com/images/500x500sq/std.lang.all/84/74/asset-1648474.jpg",
    "content": "70cl",
    "price": {
      "basicPrice": 21.79,
      "recommendedQuantity": "1.0",
      "measurementUnitPrice": 31.13,
      "measurementUnit": "L",
      "isRedPrice": false,
      "pricePerUOM": 31.13,
      "activationDate": "05-04-2025",
      "isPromoActive": "N",
      "priceChangeCode": "H",
      "priceReason": "FALLBACK"
    },
    "isPriceAvailable": true,
    "channelAvailability": [
      "8_BE_STORE",
      "8_LU_STORE",
      "8_BE_COLLECT_NEXT_DAY",
      "8_BE_HOME_DELIVERY_DRIVER"
    ],
    "businessDomain": "RETAIL_BE",
    "walkRouteSequenceNumber": 867,
    "isAvailable": true,
    "inPromo": false,
    "topCategoryName": "Boissons",
    "topCategoryId": "354",
    "categories": [
      {
        "name": "Boissons",
        "id": "354",
        "children": [
          {
            "name": "Alcools/Spiritueux",
            "id": "412",
            "children": [
              {
                "name": "Autres alcools",
                "id": "751"
              }
            ]
          }
        ]
      }
    ],
    "IsPrivateLabel": false,
    "amount": 0.7,
    "IsBiffe": false,
    "IsWeightArticle": false,
    "WeightconversionFactor": "0",
    "IsBio": false,
    "CountryOfOrigin": "BELGIQUE",
    "IsExclusivelySoldInLuxembourg": false,
    "OrderUnit": "P",
    "AlcoholDisclaimermsg": true,
    "InSeason": true,
    "ShortName": "ARMAGN MARAVAT 40% 70CL",
    "IsNew": false,
    "amountUnit": "kg",
    "CountryOfOriginISO": "BE",
    "EcoscoreLabel": "B",
    "ShowAlcoholLegalMsg": true,
    "LongName": "DUC DE MARAVAT armagnac 40,0%vol 70cl",
    "RecentQuanityOfStockUnits": "1",
    "AlcoholVolume": "40",
    "StartSeasonDate": "05/07/2011",
    "FicCode": "E",
    "EcoscoreValue": "72"
  },
  {
    "technicalArticleNumber": "1307940",
    "commercialArticleNumber": "18750",
    "gtin": [
      "04013400509437",
      "07640175741723",
      "07640175741730",
      "05010677714006",
      "05010677714105"
    ],
    "productId": "13288",
    "name": "London Dry Gin 40%",
    "description": "*Fruit\u00e9-doux\n*Tonic neutre\n*Garn. poivre noir\n*Royaume-Uni",
    "brand": "BOMBAY SAPPHIRE",
    "seoBrand": "Bombay Sapphire",
    "thumbNail": "https://static.colruytgroup.com/images/200x200/std.lang.all/34/65/asset-353465.jpg",
    "fullImage": "https://static.colruytgroup.com/images/500x500/std.lang.all/34/65/asset-353465.jpg",
    "squareImage": "https://static.colruytgroup.com/images/500x500sq/std.lang.all/34/65/asset-353465.jpg",
    "content": "70cl",
    "price": {
      "basicPrice": 21.99,
      "recommendedQuantity": "1.0",
      "measurementUnitPrice": 31.42,
      "measurementUnit": "L",
      "isRedPrice": false,
      "pricePerUOM": 31.42,
      "activationDate": "22-05-2025",
      "recordSource": "Offline",
      "isPromoActive": "N",
      "priceChangeCode": "E",
      "priceReason": "Reaction"
    },
    "isPriceAvailable": true,
    "channelAvailability": [
      "3_BE_STORE",
      "8_BE_STORE",
      "8_LU_STORE",
      "8_BE_COLLECT_NEXT_DAY",
      "8_BE_HOME_DELIVERY",
      "8_BE_HOME_DELIVERY_DRIVER"
    ],
    "businessDomain": "RETAIL_BE",
    "walkRouteSequenceNumber": 728,
    "isAvailable": true,
    "inPromo": false,
    "topCategoryName": "Boissons",
    "topCategoryId": "354",
    "categories": [
      {
        "name": "Boissons",
        "id": "354",
        "children": [
          {
            "name": "Alcools/Spiritueux",
            "id": "412",
            "children": [
              {
                "name": "Gin",
                "id": "1555"
              }
            ]
          }
        ]
      }
    ],
    "IsPrivateLabel": false,
    "amount": 0.7,
    "IsBiffe": false,
    "IsWeightArticle": false,
    "WeightconversionFactor": "0",
    "IsBio": false,
    "CountryOfOrigin": "ROYAUME-UNI",
    "IsExclusivelySoldInLuxembourg": false,
    "OrderUnit": "P",
    "AlcoholDisclaimermsg": true,
    "InSeason": true,
    "ShortName": "BOMBAY SAPPHI GIN 70CL",
    "IsNew": false,
    "amountUnit": "kg",
    "CountryOfOriginISO": "GB",
    "EcoscoreLabel": "C",
    "ShowAlcoholLegalMsg": true,
    "LongName": "BOMBAY SAPPHIRE London Dry Gin 40% 70cl",
    "RecentQuanityOfStockUnits": "1,6",
    "AlcoholVolume": "40",
    "StartSeasonDate": "26/01/2004",
    "FicCode": "E",
    "EcoscoreValue": "51"
  },
  {
    "technicalArticleNumber": "1710871",
    "commercialArticleNumber": "18411",
    "gtin": [
      "08410221110150",
      "28410221110154",
      "08410221315043",
      "05413976004173",
      "00083664853533"
    ],
    "productId": "18145",
    "name": "31,0%vol",
    "description": "*Liqueur\n*31,0 % vol",
    "brand": "LICOR 43",
    "seoBrand": "Licor 43",
    "thumbNail": "https://static.colruytgroup.com/images/200x200/std.lang.all/11/45/asset-611145.jpg",
    "fullImage": "https://static.colruytgroup.com/images/500x500/std.lang.all/11/45/asset-611145.jpg",
    "squareImage": "https://static.colruytgroup.com/images/500x500sq/std.lang.all/11/45/asset-611145.jpg",
    "content": "70cl",
    "price": {
      "basicPrice": 21.99,
      "recommendedQuantity": "1.0",
      "measurementUnitPrice": 31.42,
      "measurementUnit": "L",
      "isRedPrice": false,
      "pricePerUOM": 31.42,
      "activationDate": "05-06-2025",
      "recordSource": "Offline",
      "isPromoActive": "N",
      "priceChangeCode": "H",
      "priceReason": "Reaction"
    },
    "isPriceAvailable": true,
    "channelAvailability": [
      "3_BE_STORE",
      "8_BE_STORE",
      "8_LU_STORE",
      "8_BE_COLLECT_NEXT_DAY",
      "8_BE_HOME_DELIVERY",
      "8_BE_HOME_DELIVERY_DRIVER"
    ],
    "businessDomain": "RETAIL_BE",
    "walkRouteSequenceNumber": 897,
    "isAvailable": true,
    "inPromo": false,
    "topCategoryName": "Boissons",
    "topCategoryId": "354",
    "categories": [
      {
        "name": "Boissons",
        "id": "354",
        "children": [
          {
            "name": "Alcools/Spiritueux",
            "id": "412",
            "children": [
              {
                "name": "Liqueurs",
                "id": "419"
              }
            ]
          }
        ]
      }
    ],
    "IsPrivateLabel": false,
    "amount": 0.7,
    "IsBiffe": false,
    "WeightconversionFactor": "0",
    "IsWeightArticle": false,
    "IsBio": false,
    "CountryOfOrigin": "ESPAGNE",
    "IsExclusivelySoldInLuxembourg": false,
    "OrderUnit": "P",
    "ShortName": "LICOR 43 31G 70CL",
    "AlcoholDisclaimermsg": true,
    "IsNew": false,
    "amountUnit": "kg",
    "CountryOfOriginISO": "ES",
    "EcoscoreLabel": "C",
    "ShowAlcoholLegalMsg": true,
    "LongName": "LICOR 43 31,0%vol 70cl",
    "RecentQuanityOfStockUnits": "1,6",
    "AlcoholVolume": "31",
    "FicCode": "E",
    "EcoscoreValue": "42"
  },
  {
    "technicalArticleNumber": "3773372",
    "commercialArticleNumber": "13317",
    "gtin": [
      "05000281017280",
      "05000281022482"
    ],
    "productId": "320290",
    "name": "Dark rum 40 % vol",
    "description": "*Rhum fonc\u00e9\n*Rhum traditionnel\n*Jama\u00efque\n*7 ans de matur.",
    "brand": "CAPTAIN MORGAN",
    "seoBrand": "Captain Morgan",
    "thumbNail": "https://static.colruytgroup.com/images/200x200/std.lang.all/98/34/asset-1919834.jpg",
    "fullImage": "https://static.colruytgroup.com/images/500x500/std.lang.all/98/34/asset-1919834.jpg",
    "squareImage": "https://static.colruytgroup.com/images/500x500sq/std.lang.all/98/34/asset-1919834.jpg",
    "content": "70cl",
    "price": {
      "basicPrice": 21.99,
      "recommendedQuantity": "1.0",
      "measurementUnitPrice": 31.42,
      "measurementUnit": "L",
      "isRedPrice": false,
      "pricePerUOM": 31.42,
      "activationDate": "21-05-2025",
      "recordSource": "Offline",
      "isPromoActive": "N",
      "priceChangeCode": "H",
      "priceReason": "Reaction"
    },
    "isPriceAvailable": true,
    "channelAvailability": [
      "8_BE_STORE",
      "8_LU_STORE",
      "8_BE_COLLECT_NEXT_DAY",
      "8_BE_HOME_DELIVERY",
      "8_BE_HOME_DELIVERY_DRIVER"
    ],
    "businessDomain": "RETAIL_BE",
    "walkRouteSequenceNumber": 793,
    "isAvailable": true,
    "inPromo": false,
    "topCategoryName": "Boissons",
    "topCategoryId": "354",
    "categories": [
      {
        "name": "Boissons",
        "id": "354",
        "children": [
          {
            "name": "Alcools/Spiritueux",
            "id": "412",
            "children": [
              {
                "name": "Rhum",
                "id": "1554"
              }
            ]
          }
        ]
      }
    ],
    "IsPrivateLabel": false,
    "amount": 0.7,
    "IsBiffe": false,
    "WeightconversionFactor": "0",
    "IsWeightArticle": false,
    "IsBio": false,
    "CountryOfOrigin": "ROYAUME-UNI",
    "IsExclusivelySoldInLuxembourg": false,
    "OrderUnit": "P",
    "ShortName": "CAMO DARK RUM 40% 70CL",
    "AlcoholDisclaimermsg": true,
    "IsNew": false,
    "amountUnit": "kg",
    "CountryOfOriginISO": "GB",
    "EcoscoreLabel": "C",
    "ShowAlcoholLegalMsg": true,
    "LongName": "CAPTAIN MORGAN Dark rum 40 % vol 70cl",
    "RecentQuanityOfStockUnits": "1,6",
    "AlcoholVolume": "40",
    "FicCode": "E",
    "EcoscoreValue": "51"
  },
  {
    "technicalArticleNumber": "3796465",
    "commercialArticleNumber": "41607",
    "gtin": [
      "15400141204169",
      "05400141204162"
    ],
    "productId": "334339",
    "name": "Cognac VS 2Y 40%",
    "description": "*Cognac\n*40% vol",
    "brand": "MARIE GALANTE",
    "seoBrand": "Marie Galante",
    "thumbNail": "https://static.colruytgroup.com/images/200x200/std.lang.all/20/71/asset-1622071.jpg",
    "fullImage": "https://static.colruytgroup.com/images/500x500/std.lang.all/20/71/asset-1622071.jpg",
    "squareImage": "https://static.colruytgroup.com/images/500x500sq/std.lang.all/20/71/asset-1622071.jpg",
    "content": "70cl",
    "price": {
      "basicPrice": 21.99,
      "recommendedQuantity": "1.0",
      "measurementUnitPrice": 31.42,
      "measurementUnit": "L",
      "isRedPrice": false,
      "pricePerUOM": 31.42,
      "activationDate": "06-03-2025",
      "recordSource": "Offline",
      "isPromoActive": "N",
      "priceChangeCode": "E",
      "priceReason": "Reaction"
    },
    "isPriceAvailable": true,
    "channelAvailability": [
      "3_BE_STORE",
      "8_BE_STORE",
      "8_LU_STORE",
      "8_BE_COLLECT_NEXT_DAY",
      "8_BE_HOME_DELIVERY",
      "8_BE_HOME_DELIVERY_DRIVER"
    ],
    "businessDomain": "RETAIL_BE",
    "walkRouteSequenceNumber": 864,
    "isAvailable": true,
    "inPromo": false,
    "topCategoryName": "Boissons",
    "topCategoryId": "354",
    "categories": [
      {
        "name": "Boissons",
        "id": "354",
        "children": [
          {
            "name": "Alcools/Spiritueux",
            "id": "412",
            "children": [
              {
                "name": "Cognac",
                "id": "414"
              }
            ]
          }
        ]
      }
    ],
    "IsPrivateLabel": true,
    "amount": 0.7,
    "IsBiffe": false,
    "WeightconversionFactor": "0",
    "IsWeightArticle": false,
    "IsBio": false,
    "CountryOfOrigin": "BELGIQUE",
    "IsExclusivelySoldInLuxembourg": false,
    "OrderUnit": "P",
    "ShortName": "M.GAL COGNAC VS 40%70CL",
    "AlcoholDisclaimermsg": true,
    "IsNew": false,
    "amountUnit": "kg",
    "CountryOfOriginISO": "BE",
    "EcoscoreLabel": "C",
    "ShowAlcoholLegalMsg": true,
    "LongName": "MARIE GALANTE Cognac VS 2Y 40% 70cl",
    "RecentQuanityOfStockUnits": "1",
    "AlcoholVolume": "40",
    "FicCode": "I",
    "EcoscoreValue": "50"
  },
  {
    "technicalArticleNumber": "4795479",
    "commercialArticleNumber": "35738",
    "gtin": [
      "18501110086193",
      "08501110086196"
    ],
    "productId": "1033441",
    "name": "Especial rhum 37,5%",
    "brand": "HAVANA CLUB",
    "seoBrand": "Havana Club",
    "thumbNail": "https://static.colruytgroup.com/images/200x200/std.lang.all/23/95/asset-3432395.jpg",
    "fullImage": "https://static.colruytgroup.com/images/500x500/std.lang.all/23/95/asset-3432395.jpg",
    "squareImage": "https://static.colruytgroup.com/images/500x500sq/std.lang.all/23/95/asset-3432395.jpg",
    "content": "70cl",
    "price": {
      "basicPrice": 21.99,
      "recommendedQuantity": "1.0",
      "measurementUnitPrice": 31.42,
      "measurementUnit": "L",
      "isRedPrice": false,
      "pricePerUOM": 31.42,
      "activationDate": "05-06-2025",
      "recordSource": "Offline",
      "isPromoActive": "N",
      "priceChangeCode": "H",
      "priceReason": "Reaction"
    },
    "isPriceAvailable": true,
    "channelAvailability": [
      "3_BE_STORE",
      "8_BE_STORE",
      "8_LU_STORE",
      "8_BE_COLLECT_NEXT_DAY",
      "8_BE_HOME_DELIVERY",
      "8_BE_HOME_DELIVERY_DRIVER"
    ],
    "businessDomain": "RETAIL_BE",
    "walkRouteSequenceNumber": 791,
    "isAvailable": true,
    "inPromo": false,
    "topCategoryName": "Boissons",
    "topCategoryId": "354",
    "categories": [
      {
        "name": "Boissons",
        "id": "354",
        "children": [
          {
            "name": "Alcools/Spiritueux",
            "id": "412",
            "children": [
              {
                "name": "Rhum",
                "id": "1554"
              }
            ]
          }
        ]
      }
    ],
    "IsPrivateLabel": false,
    "amount": 0.7,
    "IsBiffe": false,
    "WeightconversionFactor": "0",
    "IsWeightArticle": false,
    "IsBio": false,
    "CountryOfOrigin": "CUBA",
    "IsExclusivelySoldInLuxembourg": false,
    "OrderUnit": "P",
    "ShortName": "HACL ESPECIAL 37.5%70CL",
    "AlcoholDisclaimermsg": true,
    "IsNew": false,
    "amountUnit": "kg",
    "CountryOfOriginISO": "CU",
    "EcoscoreLabel": "D",
    "ShowAlcoholLegalMsg": true,
    "LongName": "HAVANA CLUB Especial rhum 37,5% 70cl",
    "RecentQuanityOfStockUnits": "1,6",
    "AlcoholVolume": "37.5",
    "FicCode": "E",
    "EcoscoreValue": "38"
  },
  {
    "technicalArticleNumber": "4028896",
    "commercialArticleNumber": "5490",
    "gtin": [
      "03507110003107",
      "03507110009680"
    ],
    "productId": "447152",
    "name": "eau de vie 45,0%vol",
    "description": "*Poire Williams\n*45,0 % vol",
    "brand": "POIRE WILLIAMS",
    "seoBrand": "Poire Williams",
    "thumbNail": "https://static.colruytgroup.com/images/200x200/std.lang.all/36/49/asset-1663649.jpg",
    "fullImage": "https://static.colruytgroup.com/images/500x500/std.lang.all/36/49/asset-1663649.jpg",
    "squareImage": "https://static.colruytgroup.com/images/500x500sq/std.lang.all/36/49/asset-1663649.jpg",
    "content": "50cl",
    "price": {
      "basicPrice": 22.19,
      "recommendedQuantity": "1.0",
      "measurementUnitPrice": 44.38,
      "measurementUnit": "L",
      "isRedPrice": false,
      "pricePerUOM": 44.38,
      "activationDate": "03-01-2025",
      "isPromoActive": "N",
      "priceChangeCode": "H",
      "priceReason": "FALLBACK"
    },
    "isPriceAvailable": true,
    "channelAvailability": [
      "8_BE_STORE",
      "8_LU_STORE",
      "8_BE_COLLECT_NEXT_DAY",
      "8_BE_HOME_DELIVERY_DRIVER"
    ],
    "businessDomain": "RETAIL_BE",
    "walkRouteSequenceNumber": 921,
    "isAvailable": true,
    "inPromo": false,
    "topCategoryName": "Boissons",
    "topCategoryId": "354",
    "categories": [
      {
        "name": "Boissons",
        "id": "354",
        "children": [
          {
            "name": "Alcools/Spiritueux",
            "id": "412",
            "children": [
              {
                "name": "Autres alcools",
                "id": "751"
              }
            ]
          }
        ]
      }
    ],
    "IsPrivateLabel": false,
    "amount": 0.5,
    "IsBiffe": false,
    "WeightconversionFactor": "0",
    "IsWeightArticle": false,
    "IsBio": false,
    "CountryOfOrigin": "FRANCE",
    "IsExclusivelySoldInLuxembourg": false,
    "OrderUnit": "P",
    "ShortName": "POIRE WILLIAMS 45% 50CL",
    "AlcoholDisclaimermsg": true,
    "IsNew": false,
    "amountUnit": "kg",
    "CountryOfOriginISO": "FR",
    "ShowAlcoholLegalMsg": true,
    "LongName": "POIRE WILLIAMS eau de vie 45,0%vol 50cl",
    "RecentQuanityOfStockUnits": "1",
    "AlcoholVolume": "45",
    "FicCode": "E"
  },
  {
    "technicalArticleNumber": "4828344",
    "commercialArticleNumber": "18887",
    "gtin": [
      "00075496333536",
      "10075496333540"
    ],
    "productId": "1167154",
    "name": "Rum Tamboo Spices 40%",
    "brand": "ANGOSTURA",
    "seoBrand": "Angostura",
    "thumbNail": "https://static.colruytgroup.com/images/200x200/std.lang.all/19/69/asset-3551969.jpg",
    "fullImage": "https://static.colruytgroup.com/images/500x500/std.lang.all/19/69/asset-3551969.jpg",
    "squareImage": "https://static.colruytgroup.com/images/500x500sq/std.lang.all/19/69/asset-3551969.jpg",
    "content": "70cl",
    "price": {
      "basicPrice": 22.49,
      "recommendedQuantity": "1.0",
      "measurementUnitPrice": 32.13,
      "measurementUnit": "L",
      "isRedPrice": true,
      "redPriceReason": "Promo",
      "referencePrice": 26.49,
      "retentionPeriod": 30,
      "pricePerUOM": 32.13,
      "activationDate": "04-06-2025",
      "isPromoActive": "Y",
      "priceChangeCode": "L",
      "priceReason": "Promo"
    },
    "isPriceAvailable": true,
    "channelAvailability": [
      "8_BE_STORE",
      "8_LU_STORE",
      "8_BE_COLLECT_NEXT_DAY",
      "8_BE_HOME_DELIVERY_DRIVER"
    ],
    "businessDomain": "RETAIL_BE",
    "walkRouteSequenceNumber": 796,
    "isAvailable": true,
    "inPromo": false,
    "topCategoryName": "Boissons",
    "topCategoryId": "354",
    "categories": [
      {
        "name": "Boissons",
        "id": "354",
        "children": [
          {
            "name": "Alcools/Spiritueux",
            "id": "412",
            "children": [
              {
                "name": "Rhum",
                "id": "1554"
              }
            ]
          }
        ]
      }
    ],
    "IsPrivateLabel": false,
    "amount": 0.7,
    "IsBiffe": false,
    "WeightconversionFactor": "0",
    "IsWeightArticle": false,
    "IsBio": false,
    "CountryOfOrigin": "TRINIT\u00c9-ET-TOBAGO",
    "IsExclusivelySoldInLuxembourg": false,
    "OrderUnit": "P",
    "ShortName": "ANGO RUM TAMBOO.SPIC70C",
    "AlcoholDisclaimermsg": true,
    "IsNew": false,
    "amountUnit": "kg",
    "CountryOfOriginISO": "TT",
    "EcoscoreLabel": "D",
    "ShowAlcoholLegalMsg": true,
    "LongName": "ANGOSTURA Rum Tamboo Spices 40% 70cl",
    "RecentQuanityOfStockUnits": "1",
    "AlcoholVolume": "40",
    "FicCode": "E",
    "EcoscoreValue": "38"
  },
  {
    "technicalArticleNumber": "18736",
    "commercialArticleNumber": "18736",
    "gtin": [
      "05415200003334",
      "05412166600157",
      "05412166600102",
      "05415200003341"
    ],
    "productId": "1366",
    "name": "geni\u00e8vre citron 24,2%",
    "description": "*Geni\u00e8vre\n*24,2 % vol\n*Go\u00fbt: citron",
    "brand": "WORTEGEMSEN",
    "seoBrand": "Wortegemsen",
    "thumbNail": "https://static.colruytgroup.com/images/200x200/std.lang.all/79/72/asset-3187972.jpg",
    "fullImage": "https://static.colruytgroup.com/images/500x500/std.lang.all/79/72/asset-3187972.jpg",
    "squareImage": "https://static.colruytgroup.com/images/500x500sq/std.lang.all/79/72/asset-3187972.jpg",
    "content": "1L",
    "price": {
      "basicPrice": 22.84,
      "recommendedQuantity": "1.0",
      "quantityPrice": 21.93,
      "quantityPriceQuantity": "3.0",
      "measurementUnitPrice": 22.84,
      "measurementUnitQuantityPrice": 21.93,
      "measurementUnit": "L",
      "isRedPrice": false,
      "pricePerUOM": 22.84,
      "activationDate": "27-02-2025",
      "recordSource": "Offline",
      "isPromoActive": "N",
      "priceChangeCode": "H",
      "quantityPricePerUOM": 21.93,
      "quantityActivationDate": "27-02-2025",
      "quantityPriceChangeCode": "E",
      "priceReason": "Reaction"
    },
    "isPriceAvailable": true,
    "channelAvailability": [
      "3_BE_STORE",
      "8_BE_STORE",
      "8_LU_STORE",
      "8_BE_COLLECT_NEXT_DAY",
      "8_BE_HOME_DELIVERY_DRIVER"
    ],
    "businessDomain": "RETAIL_BE",
    "walkRouteSequenceNumber": 892,
    "isAvailable": true,
    "inPromo": false,
    "topCategoryName": "Boissons",
    "topCategoryId": "354",
    "categories": [
      {
        "name": "Boissons",
        "id": "354",
        "children": [
          {
            "name": "Alcools/Spiritueux",
            "id": "412",
            "children": [
              {
                "name": "Geni\u00e8vre",
                "id": "416"
              }
            ]
          }
        ]
      }
    ],
    "IsPrivateLabel": false,
    "amount": {
      "source": "1.0",
      "parsedValue": 1
    },
    "IsBiffe": false,
    "WeightconversionFactor": "0",
    "IsWeightArticle": false,
    "IsBio": false,
    "CountryOfOrigin": "BELGIQUE",
    "IsExclusivelySoldInLuxembourg": false,
    "OrderUnit": "P",
    "ShortName": "RE WORT GENIEV.CITRON1L",
    "AlcoholDisclaimermsg": true,
    "IsNew": false,
    "amountUnit": "kg",
    "CountryOfOriginISO": "BE",
    "EcoscoreLabel": "B",
    "ShowAlcoholLegalMsg": true,
    "LongName": "WORTEGEMSEN geni\u00e8vre citron 24,2% 1L",
    "RecentQuanityOfStockUnits": "1",
    "AlcoholVolume": "24.2",
    "FicCode": "E",
    "EcoscoreValue": "73"
  },
  {
    "technicalArticleNumber": "18025",
    "commercialArticleNumber": "18025",
    "gtin": [
      "05011007003005",
      "05011007003050",
      "05011007025151",
      "05011007021061",
      "05400141089196"
    ],
    "productId": "1313",
    "name": "Irish Whiskey 40,0%vol",
    "description": "*Irish blend.whiskey\n*Irlande",
    "brand": "JAMESON",
    "seoBrand": "Jameson",
    "thumbNail": "https://static.colruytgroup.com/images/200x200/std.lang.all/15/83/asset-2701583.jpg",
    "fullImage": "https://static.colruytgroup.com/images/500x500/std.lang.all/15/83/asset-2701583.jpg",
    "squareImage": "https://static.colruytgroup.com/images/500x500sq/std.lang.all/15/83/asset-2701583.jpg",
    "content": "70cl",
    "price": {
      "basicPrice": 22.99,
      "recommendedQuantity": "1.0",
      "measurementUnitPrice": 32.85,
      "measurementUnit": "L",
      "isRedPrice": false,
      "pricePerUOM": 32.85,
      "activationDate": "04-06-2025",
      "recordSource": "Folder",
      "isPromoActive": "N",
      "priceChangeCode": "E",
      "priceReason": "Reaction"
    },
    "isPriceAvailable": true,
    "channelAvailability": [
      "3_BE_STORE",
      "8_BE_STORE",
      "8_LU_STORE",
      "8_BE_COLLECT_NEXT_DAY",
      "8_BE_HOME_DELIVERY",
      "8_BE_HOME_DELIVERY_DRIVER"
    ],
    "businessDomain": "RETAIL_BE",
    "walkRouteSequenceNumber": 849,
    "isAvailable": true,
    "inPromo": false,
    "topCategoryName": "Boissons",
    "topCategoryId": "354",
    "categories": [
      {
        "name": "Boissons",
        "id": "354",
        "children": [
          {
            "name": "Alcools/Spiritueux",
            "id": "412",
            "children": [
              {
                "name": "Whisky",
                "id": "413"
              }
            ]
          }
        ]
      }
    ],
    "IsPrivateLabel": false,
    "amount": 0.7,
    "IsBiffe": false,
    "WeightconversionFactor": "0",
    "IsWeightArticle": false,
    "IsBio": false,
    "CountryOfOrigin": "IRLANDE",
    "IsExclusivelySoldInLuxembourg": false,
    "OrderUnit": "P",
    "ShortName": "WHISKY JAMES40D70CL",
    "AlcoholDisclaimermsg": true,
    "IsNew": false,
    "amountUnit": "kg",
    "CountryOfOriginISO": "IE",
    "EcoscoreLabel": "D",
    "ShowAlcoholLegalMsg": true,
    "LongName": "JAMESON Irish Whiskey 40,0%vol 70cl",
    "RecentQuanityOfStockUnits": "1,6",
    "AlcoholVolume": "40",
    "FicCode": "E",
    "EcoscoreValue": "38"
  },
  {
    "technicalArticleNumber": "18410",
    "commercialArticleNumber": "18410",
    "gtin": [
      "03018300000245",
      "03018300004663",
      "03018304000241",
      "05425008641546",
      "03018300008852"
    ],
    "productId": "1333",
    "name": "liqueur 40%vol",
    "description": "*Liqueur\n*40,0 % vol",
    "brand": "GRAND MARNIER",
    "seoBrand": "Grand Marnier",
    "thumbNail": "https://static.colruytgroup.com/images/200x200/std.lang.all/54/72/asset-2325472.jpg",
    "fullImage": "https://static.colruytgroup.com/images/500x500/std.lang.all/54/72/asset-2325472.jpg",
    "squareImage": "https://static.colruytgroup.com/images/500x500sq/std.lang.all/54/72/asset-2325472.jpg",
    "content": "70cl",
    "price": {
      "basicPrice": 22.99,
      "recommendedQuantity": "1.0",
      "measurementUnitPrice": 32.85,
      "measurementUnit": "L",
      "isRedPrice": false,
      "pricePerUOM": 32.85,
      "activationDate": "12-02-2025",
      "recordSource": "Offline",
      "isPromoActive": "N",
      "priceChangeCode": "H",
      "priceReason": "Reaction"
    },
    "isPriceAvailable": true,
    "channelAvailability": [
      "8_BE_STORE",
      "8_LU_STORE",
      "8_BE_COLLECT_NEXT_DAY",
      "8_BE_HOME_DELIVERY",
      "8_BE_HOME_DELIVERY_DRIVER"
    ],
    "businessDomain": "RETAIL_BE",
    "walkRouteSequenceNumber": 901,
    "isAvailable": true,
    "inPromo": false,
    "topCategoryName": "Boissons",
    "topCategoryId": "354",
    "categories": [
      {
        "name": "Boissons",
        "id": "354",
        "children": [
          {
            "name": "Alcools/Spiritueux",
            "id": "412",
            "children": [
              {
                "name": "Liqueurs",
                "id": "419"
              }
            ]
          }
        ]
      }
    ],
    "IsPrivateLabel": false,
    "amount": 0.7,
    "IsBiffe": false,
    "WeightconversionFactor": "0",
    "IsWeightArticle": false,
    "IsBio": false,
    "CountryOfOrigin": "FRANCE",
    "IsExclusivelySoldInLuxembourg": false,
    "OrderUnit": "P",
    "ShortName": "GR MARNIER 40DG 70CL",
    "AlcoholDisclaimermsg": true,
    "IsNew": false,
    "amountUnit": "kg",
    "CountryOfOriginISO": "FR",
    "EcoscoreLabel": "C",
    "ShowAlcoholLegalMsg": true,
    "LongName": "GRAND MARNIER liqueur 40%vol 70cl",
    "RecentQuanityOfStockUnits": "1,6",
    "AlcoholVolume": "40",
    "FicCode": "E",
    "EcoscoreValue": "47"
  },
  {
    "technicalArticleNumber": "18500",
    "commercialArticleNumber": "18500",
    "gtin": [
      "03269862185004",
      "03269862410137"
    ],
    "productId": "1339",
    "name": "cognac VS 40,0%vol",
    "description": "*Cognac\n*Digestif\n*40,0 % vol",
    "brand": "PRUNIER",
    "seoBrand": "Prunier",
    "thumbNail": "https://static.colruytgroup.com/images/200x200/std.lang.all/81/32/asset-3718132.jpg",
    "fullImage": "https://static.colruytgroup.com/images/500x500/std.lang.all/81/32/asset-3718132.jpg",
    "squareImage": "https://static.colruytgroup.com/images/500x500sq/std.lang.all/81/32/asset-3718132.jpg",
    "content": "70cl",
    "price": {
      "basicPrice": 22.99,
      "recommendedQuantity": "1.0",
      "measurementUnitPrice": 32.85,
      "measurementUnit": "L",
      "isRedPrice": false,
      "pricePerUOM": 32.85,
      "activationDate": "16-01-2025",
      "isPromoActive": "N",
      "priceChangeCode": "L",
      "priceReason": "FALLBACK"
    },
    "isPriceAvailable": true,
    "channelAvailability": [
      "3_BE_STORE",
      "8_BE_STORE",
      "8_LU_STORE",
      "8_BE_COLLECT_NEXT_DAY",
      "8_BE_HOME_DELIVERY_DRIVER"
    ],
    "businessDomain": "RETAIL_BE",
    "walkRouteSequenceNumber": 861,
    "isAvailable": true,
    "inPromo": false,
    "topCategoryName": "Boissons",
    "topCategoryId": "354",
    "categories": [
      {
        "name": "Boissons",
        "id": "354",
        "children": [
          {
            "name": "Alcools/Spiritueux",
            "id": "412",
            "children": [
              {
                "name": "Cognac",
                "id": "414"
              }
            ]
          }
        ]
      }
    ],
    "IsPrivateLabel": false,
    "amount": 0.7,
    "IsBiffe": false,
    "WeightconversionFactor": "0",
    "IsWeightArticle": false,
    "IsBio": false,
    "CountryOfOrigin": "FRANCE",
    "IsExclusivelySoldInLuxembourg": false,
    "OrderUnit": "P",
    "ShortName": "COGN PRUNIER 40% 70CL",
    "AlcoholDisclaimermsg": true,
    "IsNew": false,
    "amountUnit": "kg",
    "CountryOfOriginISO": "FR",
    "ShowAlcoholLegalMsg": true,
    "LongName": "PRUNIER cognac VS 40,0%vol 70cl",
    "RecentQuanityOfStockUnits": "1",
    "AlcoholVolume": "40",
    "FicCode": "E"
  },
  {
    "technicalArticleNumber": "4533893",
    "commercialArticleNumber": "16682",
    "gtin": [
      "45900343005294",
      "05900343005296"
    ],
    "productId": "757468",
    "name": "Bison Grass vodka 37,5%",
    "description": "*Vodka\n*37,5 % vol",
    "brand": "ZUBROWKA",
    "seoBrand": "Zubrowka",
    "thumbNail": "https://static.colruytgroup.com/images/200x200/std.lang.all/15/96/asset-2701596.jpg",
    "fullImage": "https://static.colruytgroup.com/images/500x500/std.lang.all/15/96/asset-2701596.jpg",
    "squareImage": "https://static.colruytgroup.com/images/500x500sq/std.lang.all/15/96/asset-2701596.jpg",
    "content": "70cl",
    "price": {
      "basicPrice": 23.5,
      "recommendedQuantity": "1.0",
      "measurementUnitPrice": 33.58,
      "measurementUnit": "L",
      "isRedPrice": false,
      "pricePerUOM": 33.58,
      "activationDate": "20-05-2025",
      "recordSource": "Online",
      "isPromoActive": "N",
      "priceChangeCode": "E",
      "priceReason": "Reaction"
    },
    "isPriceAvailable": true,
    "channelAvailability": [
      "8_BE_STORE",
      "8_LU_STORE",
      "8_BE_COLLECT_NEXT_DAY",
      "8_BE_HOME_DELIVERY_DRIVER"
    ],
    "businessDomain": "RETAIL_BE",
    "walkRouteSequenceNumber": 807,
    "isAvailable": true,
    "inPromo": false,
    "topCategoryName": "Boissons",
    "topCategoryId": "354",
    "categories": [
      {
        "name": "Boissons",
        "id": "354",
        "children": [
          {
            "name": "Alcools/Spiritueux",
            "id": "412",
            "children": [
              {
                "name": "Vodka",
                "id": "418"
              }
            ]
          }
        ]
      }
    ],
    "IsPrivateLabel": false,
    "amount": 0.7,
    "IsBiffe": false,
    "WeightconversionFactor": "0",
    "IsWeightArticle": false,
    "IsBio": false,
    "CountryOfOrigin": "POLOGNE",
    "IsExclusivelySoldInLuxembourg": false,
    "OrderUnit": "P",
    "ShortName": "ZUBR BISON GR.VODKA70CL",
    "AlcoholDisclaimermsg": true,
    "IsNew": false,
    "amountUnit": "kg",
    "CountryOfOriginISO": "PL",
    "EcoscoreLabel": "B",
    "ShowAlcoholLegalMsg": true,
    "LongName": "ZUBROWKA Bison Grass vodka 37,5% 70cl",
    "RecentQuanityOfStockUnits": "1,6",
    "AlcoholVolume": "37.5",
    "FicCode": "E",
    "EcoscoreValue": "61"
  },
  {
    "technicalArticleNumber": "4738493",
    "commercialArticleNumber": "32390",
    "gtin": [
      "05415200003761",
      "05415200003754"
    ],
    "productId": "881134",
    "name": "Classic Gin 40,7%",
    "description": "*Belgique",
    "brand": "FILLIERS",
    "seoBrand": "Filliers",
    "thumbNail": "https://static.colruytgroup.com/images/200x200/std.lang.all/44/50/asset-3254450.jpg",
    "fullImage": "https://static.colruytgroup.com/images/500x500/std.lang.all/44/50/asset-3254450.jpg",
    "squareImage": "https://static.colruytgroup.com/images/500x500sq/std.lang.all/44/50/asset-3254450.jpg",
    "content": "70cl",
    "price": {
      "basicPrice": 23.85,
      "recommendedQuantity": "1.0",
      "measurementUnitPrice": 34.08,
      "measurementUnit": "L",
      "isRedPrice": true,
      "redPriceReason": "Promo",
      "referencePrice": 26.49,
      "retentionPeriod": 30,
      "pricePerUOM": 34.08,
      "activationDate": "04-06-2025",
      "isPromoActive": "Y",
      "priceChangeCode": "L",
      "priceReason": "Promo"
    },
    "isPriceAvailable": true,
    "channelAvailability": [
      "3_BE_STORE",
      "8_BE_STORE",
      "8_LU_STORE",
      "8_BE_COLLECT_NEXT_DAY",
      "8_BE_HOME_DELIVERY",
      "8_BE_HOME_DELIVERY_DRIVER"
    ],
    "businessDomain": "RETAIL_BE",
    "walkRouteSequenceNumber": 740,
    "isAvailable": true,
    "inPromo": false,
    "topCategoryName": "Boissons",
    "topCategoryId": "354",
    "categories": [
      {
        "name": "Boissons",
        "id": "354",
        "children": [
          {
            "name": "Alcools/Spiritueux",
            "id": "412",
            "children": [
              {
                "name": "Gin",
                "id": "1555"
              }
            ]
          }
        ]
      }
    ],
    "IsPrivateLabel": false,
    "amount": 0.7,
    "IsBiffe": false,
    "WeightconversionFactor": "0",
    "IsWeightArticle": false,
    "IsBio": false,
    "CountryOfOrigin": "BELGIQUE",
    "IsExclusivelySoldInLuxembourg": false,
    "OrderUnit": "P",
    "ShortName": "FILL CLASSIC GIN 70CL",
    "AlcoholDisclaimermsg": true,
    "IsNew": false,
    "amountUnit": "kg",
    "CountryOfOriginISO": "BE",
    "EcoscoreLabel": "B",
    "ShowAlcoholLegalMsg": true,
    "LongName": "FILLIERS Classic Gin 40,7% 70cl",
    "RecentQuanityOfStockUnits": "1",
    "AlcoholVolume": "40.7",
    "FicCode": "E",
    "EcoscoreValue": "72"
  },
  {
    "technicalArticleNumber": "3426337",
    "commercialArticleNumber": "14119",
    "gtin": [
      "05410838000021",
      "05410838000205"
    ],
    "productId": "198110",
    "name": "liqueur 37%",
    "description": "*Liqueur\n*37 % vol",
    "brand": "ELIXIR D'ANVERS",
    "seoBrand": "Elixir d'Anvers",
    "thumbNail": "https://static.colruytgroup.com/images/200x200/std.lang.all/62/58/asset-796258.jpg",
    "fullImage": "https://static.colruytgroup.com/images/500x500/std.lang.all/62/58/asset-796258.jpg",
    "squareImage": "https://static.colruytgroup.com/images/500x500sq/std.lang.all/62/58/asset-796258.jpg",
    "content": "70cl",
    "price": {
      "basicPrice": 23.99,
      "recommendedQuantity": "1.0",
      "measurementUnitPrice": 34.28,
      "measurementUnit": "L",
      "isRedPrice": false,
      "pricePerUOM": 34.28,
      "activationDate": "27-02-2025",
      "recordSource": "Offline",
      "isPromoActive": "N",
      "priceChangeCode": "E",
      "priceReason": "Reaction"
    },
    "isPriceAvailable": true,
    "channelAvailability": [
      "3_BE_STORE",
      "8_BE_STORE",
      "8_LU_STORE",
      "8_BE_COLLECT_NEXT_DAY",
      "8_BE_HOME_DELIVERY",
      "8_BE_HOME_DELIVERY_DRIVER"
    ],
    "businessDomain": "RETAIL_BE",
    "walkRouteSequenceNumber": 895,
    "isAvailable": true,
    "inPromo": false,
    "topCategoryName": "Boissons",
    "topCategoryId": "354",
    "categories": [
      {
        "name": "Boissons",
        "id": "354",
        "children": [
          {
            "name": "Alcools/Spiritueux",
            "id": "412",
            "children": [
              {
                "name": "Liqueurs",
                "id": "419"
              }
            ]
          }
        ]
      }
    ],
    "IsPrivateLabel": false,
    "amount": 0.7,
    "IsBiffe": false,
    "WeightconversionFactor": "0",
    "IsWeightArticle": false,
    "IsBio": false,
    "CountryOfOrigin": "BELGIQUE",
    "IsExclusivelySoldInLuxembourg": false,
    "OrderUnit": "P",
    "ShortName": "RE ELIX.ANVER36.9G70CL",
    "AlcoholDisclaimermsg": true,
    "IsNew": false,
    "amountUnit": "kg",
    "CountryOfOriginISO": "BE",
    "EcoscoreLabel": "C",
    "ShowAlcoholLegalMsg": true,
    "LongName": "ELIXIR D'ANVERS liqueur 37% 70cl",
    "RecentQuanityOfStockUnits": "1,6",
    "AlcoholVolume": "36.9",
    "FicCode": "E",
    "EcoscoreValue": "51"
  },
  {
    "technicalArticleNumber": "18031",
    "commercialArticleNumber": "18031",
    "gtin": [
      "05099873127360",
      "05099873045947",
      "05099873089798",
      "05099873289792",
      "05099873345870",
      "15099873106812",
      "05099873223949",
      "05099873124567",
      "05099873090473",
      "03099873045864",
      "15099873123079",
      "05099873290415",
      "05099873245910",
      "05099873226636",
      "05099873126639",
      "05099873123454",
      "05099873125304",
      "05099873225301",
      "05099873226285",
      "05099873126288"
    ],
    "productId": "1314",
    "name": "Whisky Old N\u00b07 40%",
    "description": "*Tennessee blended\nwhisky\n*\u00c9tats-Unis",
    "brand": "JACK DANIEL'S",
    "seoBrand": "Jack Daniel's",
    "thumbNail": "https://static.colruytgroup.com/images/200x200/std.lang.all/82/91/asset-3158291.jpg",
    "fullImage": "https://static.colruytgroup.com/images/500x500/std.lang.all/82/91/asset-3158291.jpg",
    "squareImage": "https://static.colruytgroup.com/images/500x500sq/std.lang.all/82/91/asset-3158291.jpg",
    "content": "70cl",
    "price": {
      "basicPrice": 23.99,
      "recommendedQuantity": "1.0",
      "measurementUnitPrice": 34.28,
      "measurementUnit": "L",
      "isRedPrice": false,
      "pricePerUOM": 34.28,
      "activationDate": "20-05-2025",
      "recordSource": "Offline",
      "isPromoActive": "N",
      "priceChangeCode": "E",
      "priceReason": "Reaction"
    },
    "isPriceAvailable": true,
    "channelAvailability": [
      "3_BE_STORE",
      "8_BE_STORE",
      "8_LU_STORE",
      "8_BE_COLLECT_NEXT_DAY",
      "8_BE_HOME_DELIVERY",
      "8_BE_HOME_DELIVERY_DRIVER"
    ],
    "businessDomain": "RETAIL_BE",
    "walkRouteSequenceNumber": 852,
    "isAvailable": true,
    "inPromo": false,
    "topCategoryName": "Boissons",
    "topCategoryId": "354",
    "categories": [
      {
        "name": "Boissons",
        "id": "354",
        "children": [
          {
            "name": "Alcools/Spiritueux",
            "id": "412",
            "children": [
              {
                "name": "Whisky",
                "id": "413"
              }
            ]
          }
        ]
      }
    ],
    "IsPrivateLabel": false,
    "amount": 0.7,
    "IsBiffe": false,
    "WeightconversionFactor": "0",
    "IsWeightArticle": false,
    "IsBio": false,
    "CountryOfOrigin": "\u00c9TATS-UNIS",
    "IsExclusivelySoldInLuxembourg": false,
    "OrderUnit": "P",
    "ShortName": "/JACK WHISKY 40% 70CL",
    "AlcoholDisclaimermsg": true,
    "IsNew": false,
    "amountUnit": "kg",
    "CountryOfOriginISO": "US",
    "EcoscoreLabel": "D",
    "ShowAlcoholLegalMsg": true,
    "LongName": "JACK DANIEL'S Whisky Old N\u00b07 40% 70cl",
    "RecentQuanityOfStockUnits": "1,6,1,1,6,1",
    "AlcoholVolume": "40",
    "FicCode": "E",
    "EcoscoreValue": "38"
  },
  {
    "technicalArticleNumber": "4741455",
    "commercialArticleNumber": "24918",
    "gtin": [
      "08697530201605",
      "08697530200103"
    ],
    "productId": "883327",
    "name": "45%",
    "description": "*Raki\n*45,0% vol",
    "brand": "YENI RAKI",
    "seoBrand": "Yeni Raki",
    "thumbNail": "https://static.colruytgroup.com/images/200x200/std.lang.all/80/11/asset-3248011.jpg",
    "fullImage": "https://static.colruytgroup.com/images/500x500/std.lang.all/80/11/asset-3248011.jpg",
    "squareImage": "https://static.colruytgroup.com/images/500x500sq/std.lang.all/80/11/asset-3248011.jpg",
    "content": "70cl",
    "price": {
      "basicPrice": 24.29,
      "recommendedQuantity": "1.0",
      "measurementUnitPrice": 34.7,
      "measurementUnit": "L",
      "isRedPrice": false,
      "pricePerUOM": 34.7,
      "activationDate": "03-01-2025",
      "recordSource": "Online",
      "isPromoActive": "N",
      "priceChangeCode": "H",
      "priceReason": "Reaction"
    },
    "isPriceAvailable": true,
    "channelAvailability": [
      "8_BE_STORE",
      "8_LU_STORE",
      "8_BE_COLLECT_NEXT_DAY",
      "8_BE_HOME_DELIVERY_DRIVER"
    ],
    "businessDomain": "RETAIL_BE",
    "walkRouteSequenceNumber": 969,
    "isAvailable": true,
    "inPromo": false,
    "topCategoryName": "Boissons",
    "topCategoryId": "354",
    "categories": [
      {
        "name": "Boissons",
        "id": "354",
        "children": [
          {
            "name": "Alcools/Spiritueux",
            "id": "412",
            "children": [
              {
                "name": "Liqueurs",
                "id": "419"
              }
            ]
          }
        ]
      }
    ],
    "IsPrivateLabel": false,
    "amount": 0.7,
    "IsBiffe": false,
    "WeightconversionFactor": "0",
    "IsWeightArticle": false,
    "IsBio": false,
    "CountryOfOrigin": "TURQUIE",
    "IsExclusivelySoldInLuxembourg": false,
    "OrderUnit": "P",
    "ShortName": "YENI RAKI 45% 70CL",
    "AlcoholDisclaimermsg": true,
    "IsNew": false,
    "amountUnit": "kg",
    "CountryOfOriginISO": "TR",
    "EcoscoreLabel": "E",
    "ShowAlcoholLegalMsg": true,
    "LongName": "YENI RAKI 45% 70cl",
    "RecentQuanityOfStockUnits": "1",
    "AlcoholVolume": "45",
    "FicCode": "E",
    "EcoscoreValue": "18"
  },
  {
    "technicalArticleNumber": "4829459",
    "commercialArticleNumber": "5305",
    "gtin": [
      "08410221903035",
      "28410221903039"
    ],
    "productId": "1171975",
    "name": "Cr\u00e8me Br\u00fbl\u00e9e 16%",
    "description": "*Liqueur\n*Digestif\n*16% vol",
    "brand": "LICOR 43",
    "seoBrand": "Licor 43",
    "thumbNail": "https://static.colruytgroup.com/images/200x200/std.lang.all/01/28/asset-3560128.jpg",
    "fullImage": "https://static.colruytgroup.com/images/500x500/std.lang.all/01/28/asset-3560128.jpg",
    "squareImage": "https://static.colruytgroup.com/images/500x500sq/std.lang.all/01/28/asset-3560128.jpg",
    "content": "70cl",
    "price": {
      "basicPrice": 24.95,
      "recommendedQuantity": "1.0",
      "measurementUnitPrice": 35.65,
      "measurementUnit": "L",
      "isRedPrice": false,
      "pricePerUOM": 35.65,
      "activationDate": "04-06-2025",
      "recordSource": "Online",
      "isPromoActive": "N",
      "priceChangeCode": "H",
      "priceReason": "Reaction"
    },
    "isPriceAvailable": true,
    "channelAvailability": [
      "8_BE_STORE",
      "8_LU_STORE",
      "8_BE_COLLECT_NEXT_DAY",
      "8_BE_HOME_DELIVERY_DRIVER"
    ],
    "businessDomain": "RETAIL_BE",
    "walkRouteSequenceNumber": 920,
    "isAvailable": true,
    "inPromo": false,
    "topCategoryName": "Boissons",
    "topCategoryId": "354",
    "categories": [
      {
        "name": "Boissons",
        "id": "354",
        "children": [
          {
            "name": "Alcools/Spiritueux",
            "id": "412",
            "children": [
              {
                "name": "Cr\u00e8mes",
                "id": "420"
              }
            ]
          }
        ]
      }
    ],
    "IsPrivateLabel": false,
    "amount": 0.7,
    "IsBiffe": false,
    "WeightconversionFactor": "0",
    "IsWeightArticle": false,
    "IsBio": false,
    "CountryOfOrigin": "ESPAGNE",
    "IsExclusivelySoldInLuxembourg": false,
    "OrderUnit": "P",
    "ShortName": "LI43 CREME BRULEE 70CL",
    "AlcoholDisclaimermsg": true,
    "IsNew": false,
    "amountUnit": "kg",
    "CountryOfOriginISO": "ES",
    "EcoscoreLabel": "E",
    "ShowAlcoholLegalMsg": true,
    "LongName": "LICOR 43 Cr\u00e8me Br\u00fbl\u00e9e 16% 70cl",
    "RecentQuanityOfStockUnits": "1",
    "AlcoholVolume": "16",
    "FicCode": "E",
    "EcoscoreValue": "18"
  },
  {
    "technicalArticleNumber": "4887825",
    "commercialArticleNumber": "39356",
    "gtin": [
      "05024576189117",
      "05024576189100"
    ],
    "productId": "1264573",
    "name": "Jamaica Rum 40%",
    "brand": "APPLETON ESTATE",
    "seoBrand": "Appleton Estate",
    "thumbNail": "https://static.colruytgroup.com/images/200x200/std.lang.all/54/51/asset-3775451.jpg",
    "fullImage": "https://static.colruytgroup.com/images/500x500/std.lang.all/54/51/asset-3775451.jpg",
    "squareImage": "https://static.colruytgroup.com/images/500x500sq/std.lang.all/54/51/asset-3775451.jpg",
    "content": "70cl",
    "price": {
      "basicPrice": 24.99,
      "recommendedQuantity": "1.0",
      "measurementUnitPrice": 35.7,
      "measurementUnit": "L",
      "isRedPrice": false,
      "pricePerUOM": 35.7,
      "activationDate": "04-06-2025",
      "recordSource": "Online",
      "isPromoActive": "N",
      "priceChangeCode": "H",
      "priceReason": "Reaction"
    },
    "isPriceAvailable": true,
    "channelAvailability": [
      "8_BE_STORE",
      "8_LU_STORE",
      "8_BE_COLLECT_NEXT_DAY",
      "8_BE_HOME_DELIVERY",
      "8_BE_HOME_DELIVERY_DRIVER"
    ],
    "businessDomain": "RETAIL_BE",
    "walkRouteSequenceNumber": 797,
    "isAvailable": true,
    "inPromo": false,
    "topCategoryName": "Boissons",
    "topCategoryId": "354",
    "categories": [
      {
        "name": "Boissons",
        "id": "354",
        "children": [
          {
            "name": "Alcools/Spiritueux",
            "id": "412",
            "children": [
              {
                "name": "Rhum",
                "id": "1554"
              }
            ]
          }
        ]
      }
    ],
    "IsPrivateLabel": false,
    "amount": 0.7,
    "IsBiffe": false,
    "WeightconversionFactor": "0",
    "IsWeightArticle": false,
    "IsBio": false,
    "CountryOfOrigin": "JAMA\u00cfQUE",
    "IsExclusivelySoldInLuxembourg": false,
    "OrderUnit": "P",
    "ShortName": "APES JAMAICA RUM 70CL",
    "AlcoholDisclaimermsg": true,
    "IsNew": false,
    "amountUnit": "kg",
    "CountryOfOriginISO": "JM",
    "EcoscoreLabel": "D",
    "ShowAlcoholLegalMsg": true,
    "LongName": "APPLETON ESTATE Jamaica Rum 40% 70cl",
    "RecentQuanityOfStockUnits": "1",
    "AlcoholVolume": "40",
    "FicCode": "E",
    "EcoscoreValue": "38"
  },
  {
    "technicalArticleNumber": "3820453",
    "commercialArticleNumber": "19200",
    "gtin": [
      "07610113001417",
      "07610113001424",
      "04013400521422"
    ],
    "productId": "327231",
    "name": "Rum A\u00f1ejo Cuatro 4Y 40%",
    "description": "*Rhum\n*4 ans d'\u00e2ge\n*40,0 % vol",
    "brand": "BACARD\u00cd",
    "seoBrand": "Bacard\u00ed",
    "thumbNail": "https://static.colruytgroup.com/images/200x200/std.lang.all/14/18/asset-2791418.jpg",
    "fullImage": "https://static.colruytgroup.com/images/500x500/std.lang.all/14/18/asset-2791418.jpg",
    "squareImage": "https://static.colruytgroup.com/images/500x500sq/std.lang.all/14/18/asset-2791418.jpg",
    "content": "70cl",
    "price": {
      "basicPrice": 25.69,
      "recommendedQuantity": "1.0",
      "measurementUnitPrice": 36.7,
      "measurementUnit": "L",
      "isRedPrice": false,
      "pricePerUOM": 36.7,
      "activationDate": "04-06-2025",
      "isPromoActive": "Y",
      "priceChangeCode": "E",
      "priceReason": "Promo"
    },
    "isPriceAvailable": true,
    "channelAvailability": [
      "8_BE_STORE",
      "8_LU_STORE",
      "8_BE_COLLECT_NEXT_DAY",
      "8_BE_HOME_DELIVERY",
      "8_BE_HOME_DELIVERY_DRIVER"
    ],
    "businessDomain": "RETAIL_BE",
    "walkRouteSequenceNumber": 788,
    "isAvailable": true,
    "inPromo": false,
    "topCategoryName": "Boissons",
    "topCategoryId": "354",
    "categories": [
      {
        "name": "Boissons",
        "id": "354",
        "children": [
          {
            "name": "Alcools/Spiritueux",
            "id": "412",
            "children": [
              {
                "name": "Rhum",
                "id": "1554"
              }
            ]
          }
        ]
      }
    ],
    "IsPrivateLabel": false,
    "amount": 0.7,
    "IsBiffe": false,
    "IsWeightArticle": false,
    "WeightconversionFactor": "0",
    "IsBio": false,
    "CountryOfOrigin": "ALLEMAGNE",
    "IsExclusivelySoldInLuxembourg": false,
    "OrderUnit": "P",
    "AlcoholDisclaimermsg": true,
    "InSeason": true,
    "ShortName": "BACA ANEJO 4 40% 70CL",
    "IsNew": false,
    "amountUnit": "kg",
    "CountryOfOriginISO": "DE",
    "servings": {
      "source": "23.0",
      "parsedValue": 23
    },
    "EcoscoreLabel": "C",
    "ShowAlcoholLegalMsg": true,
    "LongName": "BACARD\u00cd Rum A\u00f1ejo Cuatro 4Y 40% 70cl",
    "RecentQuanityOfStockUnits": "1,6",
    "AlcoholVolume": "40",
    "StartSeasonDate": "09/02/2022",
    "FicCode": "E",
    "EcoscoreValue": "51"
  },
  {
    "technicalArticleNumber": "4880024",
    "commercialArticleNumber": "39169",
    "gtin": [
      "05011166082002",
      "05011166079316"
    ],
    "productId": "1258836",
    "name": "Single Malt Whisky 40%",
    "description": "*Whisky Single Malt\n*\u00c9cosse",
    "brand": "JOHN CRABBIE",
    "seoBrand": "John Crabbie",
    "thumbNail": "https://static.colruytgroup.com/images/200x200/std.lang.all/76/32/asset-3747632.jpg",
    "fullImage": "https://static.colruytgroup.com/images/500x500/std.lang.all/76/32/asset-3747632.jpg",
    "squareImage": "https://static.colruytgroup.com/images/500x500sq/std.lang.all/76/32/asset-3747632.jpg",
    "content": "70cl",
    "price": {
      "basicPrice": 25.95,
      "recommendedQuantity": "1.0",
      "measurementUnitPrice": 37.08,
      "measurementUnit": "L",
      "isRedPrice": true,
      "redPriceReason": "Promo",
      "referencePrice": 26.95,
      "retentionPeriod": 30,
      "pricePerUOM": 37.08,
      "activationDate": "04-06-2025",
      "isPromoActive": "Y",
      "priceChangeCode": "L",
      "priceReason": "Promo"
    },
    "isPriceAvailable": true,
    "channelAvailability": [
      "8_BE_STORE",
      "8_LU_STORE",
      "8_BE_COLLECT_NEXT_DAY",
      "8_BE_HOME_DELIVERY",
      "8_BE_HOME_DELIVERY_DRIVER"
    ],
    "businessDomain": "RETAIL_BE",
    "walkRouteSequenceNumber": 979,
    "isAvailable": true,
    "inPromo": false,
    "topCategoryName": "Boissons",
    "topCategoryId": "354",
    "categories": [
      {
        "name": "Boissons",
        "id": "354",
        "children": [
          {
            "name": "Alcools/Spiritueux",
            "id": "412",
            "children": [
              {
                "name": "Whisky",
                "id": "413"
              }
            ]
          }
        ]
      }
    ],
    "IsPrivateLabel": false,
    "amount": 0.7,
    "IsBiffe": false,
    "WeightconversionFactor": "0",
    "IsWeightArticle": false,
    "IsBio": false,
    "CountryOfOrigin": "ROYAUME-UNI",
    "IsExclusivelySoldInLuxembourg": false,
    "OrderUnit": "P",
    "ShortName": "JOCR SINGLE MALT 70CL",
    "AlcoholDisclaimermsg": true,
    "IsNew": false,
    "amountUnit": "kg",
    "CountryOfOriginISO": "GB",
    "EcoscoreLabel": "D",
    "ShowAlcoholLegalMsg": true,
    "LongName": "JOHN CRABBIE Single Malt Whisky 40% 70cl",
    "RecentQuanityOfStockUnits": "1",
    "AlcoholVolume": "40",
    "FicCode": "E",
    "EcoscoreValue": "38"
  },
  {
    "technicalArticleNumber": "4807469",
    "commercialArticleNumber": "16390",
    "gtin": [
      "05060116321548"
    ],
    "productId": "1075836",
    "name": "Sherry Cask Finish 40%",
    "description": "*Single Malt\n*40,0% vol.\n*Sherry Cask Finish",
    "brand": "GLEN MORAY",
    "seoBrand": "Glen Moray",
    "thumbNail": "https://static.colruytgroup.com/images/200x200/std.lang.all/74/76/asset-3497476.jpg",
    "fullImage": "https://static.colruytgroup.com/images/500x500/std.lang.all/74/76/asset-3497476.jpg",
    "squareImage": "https://static.colruytgroup.com/images/500x500sq/std.lang.all/74/76/asset-3497476.jpg",
    "content": "70cl",
    "price": {
      "basicPrice": 26.99,
      "recommendedQuantity": "1.0",
      "measurementUnitPrice": 38.56,
      "measurementUnit": "L",
      "isRedPrice": true,
      "redPriceReason": "Promo",
      "referencePrice": 29.99,
      "retentionPeriod": 30,
      "pricePerUOM": 38.56,
      "activationDate": "04-06-2025",
      "isPromoActive": "Y",
      "priceChangeCode": "L",
      "priceReason": "Promo"
    },
    "isPriceAvailable": true,
    "channelAvailability": [
      "8_BE_STORE",
      "8_LU_STORE",
      "8_BE_COLLECT_NEXT_DAY",
      "8_BE_HOME_DELIVERY_DRIVER"
    ],
    "businessDomain": "RETAIL_BE",
    "walkRouteSequenceNumber": 841,
    "isAvailable": true,
    "inPromo": false,
    "topCategoryName": "Boissons",
    "topCategoryId": "354",
    "categories": [
      {
        "name": "Boissons",
        "id": "354",
        "children": [
          {
            "name": "Alcools/Spiritueux",
            "id": "412",
            "children": [
              {
                "name": "Whisky",
                "id": "413"
              }
            ]
          }
        ]
      }
    ],
    "IsPrivateLabel": false,
    "amount": 0.7,
    "IsBiffe": false,
    "WeightconversionFactor": "0",
    "IsWeightArticle": false,
    "IsBio": false,
    "CountryOfOrigin": "ROYAUME-UNI",
    "IsExclusivelySoldInLuxembourg": false,
    "OrderUnit": "P",
    "ShortName": "/GLMO SHERRY CASK40%70C",
    "AlcoholDisclaimermsg": true,
    "IsNew": false,
    "amountUnit": "kg",
    "CountryOfOriginISO": "GB",
    "EcoscoreLabel": "D",
    "ShowAlcoholLegalMsg": true,
    "LongName": "GLEN MORAY Sherry Cask Finish 40% 70cl",
    "RecentQuanityOfStockUnits": "1",
    "AlcoholVolume": "40",
    "FicCode": "E",
    "EcoscoreValue": "38"
  },
  {
    "technicalArticleNumber": "4811899",
    "commercialArticleNumber": "37564",
    "gtin": [
      "05415200004041",
      "05415200004058"
    ],
    "productId": "1096493",
    "name": "Single Malt Whisky 43%",
    "description": "*Whisky Single Malt\n*Belgique",
    "brand": "FILLIERS",
    "seoBrand": "Filliers",
    "thumbNail": "https://static.colruytgroup.com/images/200x200/std.lang.all/72/48/asset-3497248.jpg",
    "fullImage": "https://static.colruytgroup.com/images/500x500/std.lang.all/72/48/asset-3497248.jpg",
    "squareImage": "https://static.colruytgroup.com/images/500x500sq/std.lang.all/72/48/asset-3497248.jpg",
    "content": "70cl",
    "price": {
      "basicPrice": 26.99,
      "recommendedQuantity": "1.0",
      "measurementUnitPrice": 38.56,
      "measurementUnit": "L",
      "isRedPrice": false,
      "pricePerUOM": 38.56,
      "activationDate": "04-06-2025",
      "recordSource": "Folder",
      "isPromoActive": "Y",
      "priceChangeCode": "E",
      "priceReason": "Reaction"
    },
    "isPriceAvailable": true,
    "channelAvailability": [
      "3_BE_STORE",
      "8_BE_STORE",
      "8_LU_STORE",
      "8_BE_COLLECT_NEXT_DAY",
      "8_BE_HOME_DELIVERY_DRIVER"
    ],
    "businessDomain": "RETAIL_BE",
    "walkRouteSequenceNumber": 835,
    "isAvailable": true,
    "inPromo": false,
    "topCategoryName": "Boissons",
    "topCategoryId": "354",
    "categories": [
      {
        "name": "Boissons",
        "id": "354",
        "children": [
          {
            "name": "Alcools/Spiritueux",
            "id": "412",
            "children": [
              {
                "name": "Whisky",
                "id": "413"
              }
            ]
          }
        ]
      }
    ],
    "IsPrivateLabel": false,
    "amount": 0.7,
    "IsBiffe": false,
    "WeightconversionFactor": "0",
    "IsWeightArticle": false,
    "IsBio": false,
    "CountryOfOrigin": "BELGIQUE",
    "IsExclusivelySoldInLuxembourg": false,
    "OrderUnit": "P",
    "ShortName": "FILL SINGLE MALT 43%70C",
    "AlcoholDisclaimermsg": true,
    "IsNew": false,
    "amountUnit": "kg",
    "CountryOfOriginISO": "BE",
    "EcoscoreLabel": "D",
    "ShowAlcoholLegalMsg": true,
    "LongName": "FILLIERS Single Malt Whisky 43% 70cl",
    "RecentQuanityOfStockUnits": "1",
    "AlcoholVolume": "43",
    "FicCode": "E",
    "EcoscoreValue": "38"
  },
  {
    "technicalArticleNumber": "18069",
    "commercialArticleNumber": "18069",
    "gtin": [
      "05000267179797",
      "05000267179834",
      "05000267024202",
      "05000267024233",
      "05000267024240",
      "05000267181431",
      "05000267181523",
      "05000267024325",
      "05000267185545",
      "05000267185552",
      "05000267194844",
      "05000267194820",
      "05000267197265"
    ],
    "productId": "1321",
    "name": "Black Label 12Y 40%",
    "description": "*Scotch blend.whisky\n*\u00c9cosse",
    "brand": "JOHNNIE WALKER",
    "seoBrand": "Johnnie Walker Black Label",
    "thumbNail": "https://static.colruytgroup.com/images/200x200/std.lang.all/49/46/asset-1794946.jpg",
    "fullImage": "https://static.colruytgroup.com/images/500x500/std.lang.all/49/46/asset-1794946.jpg",
    "squareImage": "https://static.colruytgroup.com/images/500x500sq/std.lang.all/49/46/asset-1794946.jpg",
    "content": "70cl",
    "price": {
      "basicPrice": 26.99,
      "recommendedQuantity": "1.0",
      "measurementUnitPrice": 38.56,
      "measurementUnit": "L",
      "isRedPrice": true,
      "redPriceReason": "Promo",
      "referencePrice": 29.99,
      "retentionPeriod": 30,
      "pricePerUOM": 38.56,
      "activationDate": "04-06-2025",
      "isPromoActive": "Y",
      "priceChangeCode": "E",
      "priceReason": "Promo"
    },
    "isPriceAvailable": true,
    "channelAvailability": [
      "8_BE_STORE",
      "8_LU_STORE",
      "8_BE_COLLECT_NEXT_DAY",
      "8_BE_HOME_DELIVERY_DRIVER"
    ],
    "businessDomain": "RETAIL_BE",
    "walkRouteSequenceNumber": 836,
    "isAvailable": true,
    "inPromo": false,
    "topCategoryName": "Boissons",
    "topCategoryId": "354",
    "categories": [
      {
        "name": "Boissons",
        "id": "354",
        "children": [
          {
            "name": "Alcools/Spiritueux",
            "id": "412",
            "children": [
              {
                "name": "Whisky",
                "id": "413"
              }
            ]
          }
        ]
      }
    ],
    "IsPrivateLabel": false,
    "amount": 0.7,
    "IsBiffe": false,
    "WeightconversionFactor": "0",
    "IsWeightArticle": false,
    "IsBio": false,
    "CountryOfOrigin": "ROYAUME-UNI",
    "IsExclusivelySoldInLuxembourg": false,
    "OrderUnit": "P",
    "ShortName": "WALK BLACK LAB40% 70CL",
    "AlcoholDisclaimermsg": true,
    "IsNew": false,
    "amountUnit": "kg",
    "CountryOfOriginISO": "GB",
    "EcoscoreLabel": "C",
    "ShowAlcoholLegalMsg": true,
    "LongName": "JOHNNIE WALKER Black Label 12Y 40% 70cl",
    "RecentQuanityOfStockUnits": "1,6",
    "AlcoholVolume": "40",
    "FicCode": "E",
    "EcoscoreValue": "51"
  },
  {
    "technicalArticleNumber": "18414",
    "commercialArticleNumber": "18414",
    "gtin": [
      "08710625300035",
      "08710625300431",
      "08710625700026",
      "08710625700392",
      "05425030390900"
    ],
    "productId": "1334",
    "name": "liqueur 38%",
    "description": "*Liqueur\n*38,0 % vol",
    "brand": "MANDARINE NAPOL\u00c9ON",
    "seoBrand": "Mandarine Napol\u00e9on",
    "thumbNail": "https://static.colruytgroup.com/images/200x200/std.lang.all/39/84/asset-343984.jpg",
    "fullImage": "https://static.colruytgroup.com/images/500x500/std.lang.all/39/84/asset-343984.jpg",
    "squareImage": "https://static.colruytgroup.com/images/500x500sq/std.lang.all/39/84/asset-343984.jpg",
    "content": "70cl",
    "price": {
      "basicPrice": 27.49,
      "recommendedQuantity": "1.0",
      "measurementUnitPrice": 39.28,
      "measurementUnit": "L",
      "isRedPrice": false,
      "pricePerUOM": 39.28,
      "activationDate": "20-05-2025",
      "recordSource": "Online",
      "isPromoActive": "N",
      "priceChangeCode": "H",
      "priceReason": "Reaction"
    },
    "isPriceAvailable": true,
    "channelAvailability": [
      "8_BE_STORE",
      "8_LU_STORE",
      "8_BE_COLLECT_NEXT_DAY",
      "8_BE_HOME_DELIVERY_DRIVER"
    ],
    "businessDomain": "RETAIL_BE",
    "walkRouteSequenceNumber": 900,
    "isAvailable": true,
    "inPromo": false,
    "topCategoryName": "Boissons",
    "topCategoryId": "354",
    "categories": [
      {
        "name": "Boissons",
        "id": "354",
        "children": [
          {
            "name": "Alcools/Spiritueux",
            "id": "412",
            "children": [
              {
                "name": "Liqueurs",
                "id": "419"
              }
            ]
          }
        ]
      }
    ],
    "IsPrivateLabel": false,
    "amount": 0.7,
    "IsBiffe": false,
    "WeightconversionFactor": "0",
    "IsWeightArticle": false,
    "IsBio": false,
    "CountryOfOrigin": "BELGIQUE",
    "IsExclusivelySoldInLuxembourg": false,
    "OrderUnit": "P",
    "ShortName": "MANDARINE NAP 38% 70CL",
    "AlcoholDisclaimermsg": true,
    "IsNew": false,
    "amountUnit": "kg",
    "CountryOfOriginISO": "BE",
    "EcoscoreLabel": "E",
    "ShowAlcoholLegalMsg": true,
    "LongName": "MANDARINE NAPOL\u00c9ON liqueur 38% 70cl",
    "RecentQuanityOfStockUnits": "1",
    "AlcoholVolume": "38",
    "FicCode": "E",
    "EcoscoreValue": "18"
  },
  {
    "technicalArticleNumber": "3796470",
    "commercialArticleNumber": "41618",
    "gtin": [
      "05400141204247",
      "15400141204244"
    ],
    "productId": "334342",
    "name": "Cognac VSOP 4Y 40%",
    "description": "*Cognac\n*40% vol",
    "brand": "MARIE GALANTE",
    "seoBrand": "Marie Galante",
    "thumbNail": "https://static.colruytgroup.com/images/200x200/std.lang.all/20/72/asset-1622072.jpg",
    "fullImage": "https://static.colruytgroup.com/images/500x500/std.lang.all/20/72/asset-1622072.jpg",
    "squareImage": "https://static.colruytgroup.com/images/500x500sq/std.lang.all/20/72/asset-1622072.jpg",
    "content": "70cl",
    "price": {
      "basicPrice": 27.99,
      "recommendedQuantity": "1.0",
      "measurementUnitPrice": 39.99,
      "measurementUnit": "L",
      "isRedPrice": false,
      "pricePerUOM": 39.99,
      "activationDate": "22-01-2025",
      "isPromoActive": "N",
      "priceChangeCode": "L",
      "priceReason": "FALLBACK"
    },
    "isPriceAvailable": true,
    "channelAvailability": [
      "8_BE_STORE",
      "8_LU_STORE",
      "8_BE_COLLECT_NEXT_DAY",
      "8_BE_HOME_DELIVERY_DRIVER"
    ],
    "businessDomain": "RETAIL_BE",
    "walkRouteSequenceNumber": 860,
    "isAvailable": true,
    "inPromo": false,
    "topCategoryName": "Boissons",
    "topCategoryId": "354",
    "categories": [
      {
        "name": "Boissons",
        "id": "354",
        "children": [
          {
            "name": "Alcools/Spiritueux",
            "id": "412",
            "children": [
              {
                "name": "Cognac",
                "id": "414"
              }
            ]
          }
        ]
      }
    ],
    "IsPrivateLabel": true,
    "amount": 0.7,
    "IsBiffe": false,
    "WeightconversionFactor": "0",
    "IsWeightArticle": false,
    "IsBio": false,
    "CountryOfOrigin": "BELGIQUE",
    "IsExclusivelySoldInLuxembourg": false,
    "OrderUnit": "P",
    "ShortName": "M.GAL COGNAC VSOP40%70C",
    "AlcoholDisclaimermsg": true,
    "IsNew": false,
    "amountUnit": "kg",
    "CountryOfOriginISO": "BE",
    "EcoscoreLabel": "C",
    "ShowAlcoholLegalMsg": true,
    "LongName": "MARIE GALANTE Cognac VSOP 4Y 40% 70cl",
    "RecentQuanityOfStockUnits": "1",
    "AlcoholVolume": "40",
    "FicCode": "I",
    "EcoscoreValue": "49"
  },
  {
    "technicalArticleNumber": "4445346",
    "commercialArticleNumber": "18819",
    "gtin": [
      "08500004250453",
      "18500004250450"
    ],
    "productId": "707715",
    "name": "de Cuba 7y 40,3%",
    "description": "*Rhum ambr\u00e9\n*Rhum traditionnel\n*Cuba\n*7 ans de matur.",
    "brand": "SANTISIMA TRINIDAD",
    "seoBrand": "Santisima Trinidad",
    "thumbNail": "https://static.colruytgroup.com/images/200x200/std.lang.all/71/78/asset-2687178.jpg",
    "fullImage": "https://static.colruytgroup.com/images/500x500/std.lang.all/71/78/asset-2687178.jpg",
    "squareImage": "https://static.colruytgroup.com/images/500x500sq/std.lang.all/71/78/asset-2687178.jpg",
    "content": "70cl",
    "price": {
      "basicPrice": 27.99,
      "recommendedQuantity": "1.0",
      "measurementUnitPrice": 39.99,
      "measurementUnit": "L",
      "isRedPrice": false,
      "pricePerUOM": 39.99,
      "activationDate": "21-05-2025",
      "isPromoActive": "N",
      "priceChangeCode": "H",
      "priceReason": "FALLBACK"
    },
    "isPriceAvailable": true,
    "channelAvailability": [
      "8_BE_STORE",
      "8_LU_STORE",
      "8_BE_COLLECT_NEXT_DAY",
      "8_BE_HOME_DELIVERY_DRIVER"
    ],
    "businessDomain": "RETAIL_BE",
    "walkRouteSequenceNumber": 824,
    "isAvailable": true,
    "inPromo": false,
    "topCategoryName": "Boissons",
    "topCategoryId": "354",
    "categories": [
      {
        "name": "Boissons",
        "id": "354",
        "children": [
          {
            "name": "Alcools/Spiritueux",
            "id": "412",
            "children": [
              {
                "name": "Rhum",
                "id": "1554"
              }
            ]
          }
        ]
      }
    ],
    "IsPrivateLabel": false,
    "amount": 0.7,
    "IsBiffe": false,
    "WeightconversionFactor": "0",
    "IsWeightArticle": false,
    "IsBio": false,
    "CountryOfOrigin": "CUBA",
    "IsExclusivelySoldInLuxembourg": false,
    "OrderUnit": "P",
    "ShortName": "SATR DE CUBA 7Y 70CL",
    "AlcoholDisclaimermsg": true,
    "IsNew": false,
    "amountUnit": "kg",
    "CountryOfOriginISO": "CU",
    "EcoscoreLabel": "B",
    "ShowAlcoholLegalMsg": true,
    "LongName": "SANTISIMA TRINIDAD de Cuba 7y 40,3% 70cl",
    "RecentQuanityOfStockUnits": "1",
    "AlcoholVolume": "40.3",
    "FicCode": "E",
    "EcoscoreValue": "61"
  },
  {
    "technicalArticleNumber": "18079",
    "commercialArticleNumber": "18079",
    "gtin": [
      "00080432402931",
      "05000299212936",
      "05000299212943",
      "20080432402935",
      "05000299611258",
      "00087000653924"
    ],
    "productId": "1324",
    "name": "whisky 12Y 40%",
    "description": "*Scotch blend.whisky\n*\u00c9cosse",
    "brand": "CHIVAS REGAL",
    "seoBrand": "Chivas Regal",
    "thumbNail": "https://static.colruytgroup.com/images/200x200/std.lang.all/86/84/asset-3368684.jpg",
    "fullImage": "https://static.colruytgroup.com/images/500x500/std.lang.all/86/84/asset-3368684.jpg",
    "squareImage": "https://static.colruytgroup.com/images/500x500sq/std.lang.all/86/84/asset-3368684.jpg",
    "content": "70cl",
    "price": {
      "basicPrice": 27.99,
      "recommendedQuantity": "1.0",
      "measurementUnitPrice": 39.99,
      "measurementUnit": "L",
      "isRedPrice": false,
      "pricePerUOM": 39.99,
      "activationDate": "04-06-2025",
      "recordSource": "Folder",
      "isPromoActive": "Y",
      "priceChangeCode": "E",
      "priceReason": "Reaction"
    },
    "isPriceAvailable": true,
    "channelAvailability": [
      "8_LU_STORE",
      "8_BE_STORE",
      "8_BE_COLLECT_NEXT_DAY",
      "8_BE_HOME_DELIVERY_DRIVER"
    ],
    "businessDomain": "RETAIL_BE",
    "walkRouteSequenceNumber": 853,
    "isAvailable": true,
    "inPromo": false,
    "topCategoryName": "Boissons",
    "topCategoryId": "354",
    "categories": [
      {
        "name": "Boissons",
        "id": "354",
        "children": [
          {
            "name": "Alcools/Spiritueux",
            "id": "412",
            "children": [
              {
                "name": "Whisky",
                "id": "413"
              }
            ]
          }
        ]
      }
    ],
    "IsPrivateLabel": false,
    "amount": 0.7,
    "IsBiffe": false,
    "WeightconversionFactor": "0",
    "IsWeightArticle": false,
    "IsBio": false,
    "CountryOfOrigin": "ROYAUME-UNI",
    "IsExclusivelySoldInLuxembourg": false,
    "OrderUnit": "P",
    "ShortName": "CHIVAS REGAL 40% 70CL",
    "AlcoholDisclaimermsg": true,
    "IsNew": false,
    "amountUnit": "kg",
    "CountryOfOriginISO": "GB",
    "EcoscoreLabel": "D",
    "ShowAlcoholLegalMsg": true,
    "LongName": "CHIVAS REGAL whisky 12Y 40% 70cl",
    "RecentQuanityOfStockUnits": "1,6",
    "AlcoholVolume": "40",
    "FicCode": "E",
    "EcoscoreValue": "38"
  },
  {
    "technicalArticleNumber": "18504",
    "commercialArticleNumber": "18504",
    "gtin": [
      "03269862185042",
      "03269861402942"
    ],
    "productId": "1341",
    "name": "cognac VSOP 40,0%vol",
    "description": "*Cognac\n*8 ans d'\u00e2ge\n*Digestif\n*40,0 % vol",
    "brand": "PRUNIER",
    "seoBrand": "Prunier",
    "thumbNail": "https://static.colruytgroup.com/images/200x200/std.lang.all/80/04/asset-2538004.jpg",
    "fullImage": "https://static.colruytgroup.com/images/500x500/std.lang.all/80/04/asset-2538004.jpg",
    "squareImage": "https://static.colruytgroup.com/images/500x500sq/std.lang.all/80/04/asset-2538004.jpg",
    "content": "70cl",
    "price": {
      "basicPrice": 28.99,
      "recommendedQuantity": "1.0",
      "measurementUnitPrice": 41.42,
      "measurementUnit": "L",
      "isRedPrice": false,
      "pricePerUOM": 41.42,
      "activationDate": "16-01-2025",
      "isPromoActive": "N",
      "priceChangeCode": "L",
      "priceReason": "FALLBACK"
    },
    "isPriceAvailable": true,
    "channelAvailability": [
      "8_BE_STORE",
      "8_LU_STORE",
      "8_BE_COLLECT_NEXT_DAY",
      "8_BE_HOME_DELIVERY_DRIVER"
    ],
    "businessDomain": "RETAIL_BE",
    "walkRouteSequenceNumber": 859,
    "isAvailable": true,
    "inPromo": false,
    "topCategoryName": "Boissons",
    "topCategoryId": "354",
    "categories": [
      {
        "name": "Boissons",
        "id": "354",
        "children": [
          {
            "name": "Alcools/Spiritueux",
            "id": "412",
            "children": [
              {
                "name": "Cognac",
                "id": "414"
              }
            ]
          }
        ]
      }
    ],
    "IsPrivateLabel": false,
    "amount": 0.7,
    "IsBiffe": false,
    "WeightconversionFactor": "0",
    "IsWeightArticle": false,
    "IsBio": false,
    "CountryOfOrigin": "BELGIQUE",
    "IsExclusivelySoldInLuxembourg": false,
    "OrderUnit": "P",
    "ShortName": "PRUNIER VSOP 40D 70CL",
    "AlcoholDisclaimermsg": true,
    "IsNew": false,
    "amountUnit": "kg",
    "CountryOfOriginISO": "BE",
    "ShowAlcoholLegalMsg": true,
    "LongName": "PRUNIER cognac VSOP 40,0%vol 70cl",
    "RecentQuanityOfStockUnits": "1",
    "AlcoholVolume": "40",
    "FicCode": "E"
  },
  {
    "technicalArticleNumber": "4027620",
    "commercialArticleNumber": "5415",
    "gtin": [
      "03297364070016",
      "03297364076018"
    ],
    "productId": "449058",
    "name": "S\u00e9lection Calvados 40%",
    "description": "*Calvados\n*40 % vol",
    "brand": "DROUIN",
    "seoBrand": "Drouin",
    "thumbNail": "https://static.colruytgroup.com/images/200x200/std.lang.all/90/88/asset-3529088.jpg",
    "fullImage": "https://static.colruytgroup.com/images/500x500/std.lang.all/90/88/asset-3529088.jpg",
    "squareImage": "https://static.colruytgroup.com/images/500x500sq/std.lang.all/90/88/asset-3529088.jpg",
    "content": "70cl",
    "price": {
      "basicPrice": 28.99,
      "recommendedQuantity": "1.0",
      "measurementUnitPrice": 41.42,
      "measurementUnit": "L",
      "isRedPrice": false,
      "pricePerUOM": 41.42,
      "activationDate": "21-05-2025",
      "isPromoActive": "N",
      "priceChangeCode": "H",
      "priceReason": "FALLBACK"
    },
    "isPriceAvailable": true,
    "channelAvailability": [
      "8_BE_STORE",
      "8_LU_STORE",
      "8_BE_COLLECT_NEXT_DAY",
      "8_BE_HOME_DELIVERY_DRIVER"
    ],
    "businessDomain": "RETAIL_BE",
    "walkRouteSequenceNumber": 873,
    "isAvailable": true,
    "inPromo": false,
    "topCategoryName": "Boissons",
    "topCategoryId": "354",
    "categories": [
      {
        "name": "Boissons",
        "id": "354",
        "children": [
          {
            "name": "Alcools/Spiritueux",
            "id": "412",
            "children": [
              {
                "name": "Autres alcools",
                "id": "751"
              }
            ]
          }
        ]
      }
    ],
    "IsPrivateLabel": false,
    "amount": 0.7,
    "IsBiffe": false,
    "WeightconversionFactor": "0",
    "IsWeightArticle": false,
    "IsBio": false,
    "CountryOfOrigin": "FRANCE",
    "IsExclusivelySoldInLuxembourg": false,
    "OrderUnit": "P",
    "ShortName": "DROU CDL S.CALV.40%70CL",
    "AlcoholDisclaimermsg": true,
    "IsNew": false,
    "amountUnit": "kg",
    "CountryOfOriginISO": "FR",
    "EcoscoreLabel": "D",
    "ShowAlcoholLegalMsg": true,
    "LongName": "DROUIN S\u00e9lection Calvados 40% 70cl",
    "RecentQuanityOfStockUnits": "1",
    "AlcoholVolume": "40",
    "FicCode": "E",
    "EcoscoreValue": "38"
  },
  {
    "technicalArticleNumber": "4213098",
    "commercialArticleNumber": "16642",
    "gtin": [
      "05425006241274",
      "05425006241595"
    ],
    "productId": "569283",
    "name": "S. Malt Whisky 46%",
    "description": "*Single malt whisky\n*Belgique\n*Riche et doux",
    "brand": "GOUDEN CAROLUS",
    "seoBrand": "Gouden Carolus",
    "thumbNail": "https://static.colruytgroup.com/images/200x200/std.lang.all/43/91/asset-1964391.jpg",
    "fullImage": "https://static.colruytgroup.com/images/500x500/std.lang.all/43/91/asset-1964391.jpg",
    "squareImage": "https://static.colruytgroup.com/images/500x500sq/std.lang.all/43/91/asset-1964391.jpg",
    "content": "50cl",
    "price": {
      "basicPrice": 28.99,
      "recommendedQuantity": "1.0",
      "measurementUnitPrice": 57.98,
      "measurementUnit": "L",
      "isRedPrice": false,
      "pricePerUOM": 57.98,
      "activationDate": "04-06-2025",
      "recordSource": "Folder",
      "isPromoActive": "Y",
      "priceChangeCode": "E",
      "priceReason": "Reaction"
    },
    "isPriceAvailable": true,
    "channelAvailability": [
      "8_BE_STORE",
      "8_LU_STORE",
      "8_BE_COLLECT_NEXT_DAY",
      "8_BE_HOME_DELIVERY_DRIVER"
    ],
    "businessDomain": "RETAIL_BE",
    "walkRouteSequenceNumber": 834,
    "isAvailable": true,
    "inPromo": false,
    "topCategoryName": "Boissons",
    "topCategoryId": "354",
    "categories": [
      {
        "name": "Boissons",
        "id": "354",
        "children": [
          {
            "name": "Alcools/Spiritueux",
            "id": "412",
            "children": [
              {
                "name": "Whisky",
                "id": "413"
              }
            ]
          }
        ]
      }
    ],
    "IsPrivateLabel": false,
    "amount": 0.5,
    "IsBiffe": false,
    "WeightconversionFactor": "0",
    "IsWeightArticle": false,
    "IsBio": false,
    "CountryOfOrigin": "BELGIQUE",
    "IsExclusivelySoldInLuxembourg": false,
    "OrderUnit": "P",
    "ShortName": "GOCA S.MALT WH.46% 50CL",
    "AlcoholDisclaimermsg": true,
    "IsNew": false,
    "amountUnit": "kg",
    "CountryOfOriginISO": "BE",
    "EcoscoreLabel": "B",
    "ShowAlcoholLegalMsg": true,
    "LongName": "GOUDEN CAROLUS S. Malt Whisky 46% 50cl",
    "RecentQuanityOfStockUnits": "1",
    "AlcoholVolume": "46",
    "FicCode": "E",
    "EcoscoreValue": "73"
  },
  {
    "technicalArticleNumber": "3700471",
    "commercialArticleNumber": "10533",
    "gtin": [
      "00811538013062",
      "10811538013069"
    ],
    "productId": "293332",
    "name": "Black Spiced Rum 40%",
    "description": "*Rhum \u00e9pic\u00e9\n*Rhum traditionnel\n*Trinidad",
    "brand": "THE KRAKEN",
    "seoBrand": "The Kraken",
    "thumbNail": "https://static.colruytgroup.com/images/200x200/std.lang.all/12/48/asset-1231248.jpg",
    "fullImage": "https://static.colruytgroup.com/images/500x500/std.lang.all/12/48/asset-1231248.jpg",
    "squareImage": "https://static.colruytgroup.com/images/500x500sq/std.lang.all/12/48/asset-1231248.jpg",
    "content": "70cl",
    "price": {
      "basicPrice": 28.99,
      "recommendedQuantity": "1.0",
      "measurementUnitPrice": 41.42,
      "measurementUnit": "L",
      "isRedPrice": false,
      "pricePerUOM": 41.42,
      "activationDate": "21-05-2025",
      "recordSource": "Offline",
      "isPromoActive": "N",
      "priceChangeCode": "H",
      "priceReason": "Reaction"
    },
    "isPriceAvailable": true,
    "channelAvailability": [
      "3_BE_STORE",
      "8_BE_STORE",
      "8_LU_STORE",
      "8_BE_COLLECT_NEXT_DAY",
      "8_BE_HOME_DELIVERY",
      "8_BE_HOME_DELIVERY_DRIVER"
    ],
    "businessDomain": "RETAIL_BE",
    "walkRouteSequenceNumber": 795,
    "isAvailable": true,
    "inPromo": false,
    "topCategoryName": "Boissons",
    "topCategoryId": "354",
    "categories": [
      {
        "name": "Boissons",
        "id": "354",
        "children": [
          {
            "name": "Alcools/Spiritueux",
            "id": "412",
            "children": [
              {
                "name": "Rhum",
                "id": "1554"
              }
            ]
          }
        ]
      }
    ],
    "IsPrivateLabel": false,
    "amount": {
      "source": "1.0",
      "parsedValue": 1
    },
    "IsBiffe": false,
    "IsWeightArticle": false,
    "WeightconversionFactor": "0",
    "IsBio": false,
    "CountryOfOrigin": "TRINIT\u00c9-ET-TOBAGO",
    "IsExclusivelySoldInLuxembourg": false,
    "OrderUnit": "P",
    "AlcoholDisclaimermsg": true,
    "ShortName": "KRAK BL.SPIC.RUM40% 70C",
    "IsNew": false,
    "amountUnit": "kg",
    "CountryOfOriginISO": "TT",
    "servings": {
      "source": "0.0",
      "parsedValue": 0
    },
    "EcoscoreLabel": "D",
    "ShowAlcoholLegalMsg": true,
    "LongName": "THE KRAKEN Black Spiced Rum 40% 70cl",
    "RecentQuanityOfStockUnits": "1",
    "AlcoholVolume": "40",
    "FicCode": "E",
    "EcoscoreValue": "38"
  },
  {
    "technicalArticleNumber": "3054340",
    "commercialArticleNumber": "26508",
    "gtin": [
      "05099873101384",
      "05099873001370",
      "05099873124574",
      "05099873128473",
      "05099873216156",
      "05099873213551",
      "15099873113551",
      "05099873126950",
      "05099873226957"
    ],
    "productId": "117847",
    "name": "Tennessee Honey 35%",
    "description": "*Tennessee blended\nwhisky\n*\u00c9tats-Unis",
    "brand": "JACK DANIEL'S",
    "seoBrand": "Jack Daniel's",
    "thumbNail": "https://static.colruytgroup.com/images/200x200/std.lang.all/54/33/asset-365433.jpg",
    "fullImage": "https://static.colruytgroup.com/images/500x500/std.lang.all/54/33/asset-365433.jpg",
    "squareImage": "https://static.colruytgroup.com/images/500x500sq/std.lang.all/54/33/asset-365433.jpg",
    "content": "70cl",
    "price": {
      "basicPrice": 29.99,
      "recommendedQuantity": "1.0",
      "measurementUnitPrice": 42.85,
      "measurementUnit": "L",
      "isRedPrice": false,
      "pricePerUOM": 42.85,
      "activationDate": "20-05-2025",
      "recordSource": "Offline",
      "isPromoActive": "N",
      "priceChangeCode": "E",
      "priceReason": "Reaction"
    },
    "isPriceAvailable": true,
    "channelAvailability": [
      "8_BE_STORE",
      "8_LU_STORE",
      "8_BE_COLLECT_NEXT_DAY",
      "8_BE_HOME_DELIVERY_DRIVER"
    ],
    "businessDomain": "RETAIL_BE",
    "walkRouteSequenceNumber": 851,
    "isAvailable": true,
    "inPromo": false,
    "topCategoryName": "Boissons",
    "topCategoryId": "354",
    "categories": [
      {
        "name": "Boissons",
        "id": "354",
        "children": [
          {
            "name": "Alcools/Spiritueux",
            "id": "412",
            "children": [
              {
                "name": "Whisky",
                "id": "413"
              }
            ]
          }
        ]
      }
    ],
    "IsPrivateLabel": false,
    "amount": 0.7,
    "IsBiffe": false,
    "IsWeightArticle": false,
    "WeightconversionFactor": "0",
    "IsBio": false,
    "CountryOfOrigin": "\u00c9TATS-UNIS",
    "IsExclusivelySoldInLuxembourg": false,
    "OrderUnit": "P",
    "AlcoholDisclaimermsg": true,
    "InSeason": true,
    "ShortName": "/JADA HONEY 35% 70CL",
    "IsNew": false,
    "amountUnit": "kg",
    "CountryOfOriginISO": "US",
    "EcoscoreLabel": "D",
    "ShowAlcoholLegalMsg": true,
    "LongName": "JACK DANIEL'S Tennessee Honey 35% 70cl",
    "RecentQuanityOfStockUnits": "1,1,6",
    "AlcoholVolume": "35",
    "StartSeasonDate": "31/12/2021",
    "FicCode": "E",
    "EcoscoreValue": "38"
  },
  {
    "technicalArticleNumber": "3825842",
    "commercialArticleNumber": "21546",
    "gtin": [
      "05010496003565",
      "05010496005293",
      "15010496103682",
      "15010496105716"
    ],
    "productId": "337754",
    "name": "American Oak whisky40%",
    "description": "*Whisky Single Malt\n*\u00c9cosse\n*Riche et doux",
    "brand": "AUCHENTOSHAN",
    "seoBrand": "Auchentoshan",
    "thumbNail": "https://static.colruytgroup.com/images/200x200/std.lang.all/21/27/asset-2992127.jpg",
    "fullImage": "https://static.colruytgroup.com/images/500x500/std.lang.all/21/27/asset-2992127.jpg",
    "squareImage": "https://static.colruytgroup.com/images/500x500sq/std.lang.all/21/27/asset-2992127.jpg",
    "content": "70cl",
    "price": {
      "basicPrice": 29.99,
      "recommendedQuantity": "1.0",
      "measurementUnitPrice": 42.85,
      "measurementUnit": "L",
      "isRedPrice": false,
      "pricePerUOM": 42.85,
      "activationDate": "04-06-2025",
      "recordSource": "Offline",
      "isPromoActive": "N",
      "priceChangeCode": "E",
      "priceReason": "Reaction"
    },
    "isPriceAvailable": true,
    "channelAvailability": [
      "8_BE_STORE",
      "8_LU_STORE",
      "8_BE_COLLECT_NEXT_DAY",
      "8_BE_HOME_DELIVERY_DRIVER"
    ],
    "businessDomain": "RETAIL_BE",
    "walkRouteSequenceNumber": 831,
    "isAvailable": true,
    "inPromo": true,
    "promotion": [
      {
        "techPromoId": "101153COLR",
        "promotionId": "101153",
        "promotionType": "3",
        "isPersonalized": "N",
        "publicationStartDate": "04-06-2025",
        "publicationEndDate": "17-06-2025",
        "topPromo": false
      }
    ],
    "topCategoryName": "Boissons",
    "topCategoryId": "354",
    "categories": [
      {
        "name": "Boissons",
        "id": "354",
        "children": [
          {
            "name": "Alcools/Spiritueux",
            "id": "412",
            "children": [
              {
                "name": "Whisky",
                "id": "413"
              }
            ]
          }
        ]
      }
    ],
    "IsPrivateLabel": false,
    "amount": 0.7,
    "IsBiffe": false,
    "IsWeightArticle": false,
    "WeightconversionFactor": "0",
    "IsBio": false,
    "CountryOfOrigin": "ROYAUME-UNI",
    "IsExclusivelySoldInLuxembourg": false,
    "OrderUnit": "P",
    "AlcoholDisclaimermsg": true,
    "InSeason": true,
    "ShortName": "/AUCH AMER.OAK WHISK70C",
    "IsNew": false,
    "amountUnit": "kg",
    "CountryOfOriginISO": "GB",
    "EcoscoreLabel": "D",
    "ShowAlcoholLegalMsg": true,
    "LongName": "AUCHENTOSHAN American Oak whisky40% 70cl",
    "RecentQuanityOfStockUnits": "1",
    "AlcoholVolume": "40",
    "StartSeasonDate": "14/11/2022",
    "FicCode": "E",
    "EcoscoreValue": "38"
  },
  {
    "technicalArticleNumber": "3135437",
    "commercialArticleNumber": "18769",
    "gtin": [
      "05000291021628",
      "05000291021635",
      "05000291025947",
      "05000291025930"
    ],
    "productId": "107994",
    "name": "Rangpur gin 41,3%vol",
    "description": "*Fruit\u00e9-\u00e9pic\u00e9\n*Tonic neutre\n*Garn. myrtille\n*Royaume-Uni",
    "brand": "TANQUERAY",
    "seoBrand": "Tanqueray",
    "thumbNail": "https://static.colruytgroup.com/images/200x200/std.lang.all/15/18/asset-2471518.jpg",
    "fullImage": "https://static.colruytgroup.com/images/500x500/std.lang.all/15/18/asset-2471518.jpg",
    "squareImage": "https://static.colruytgroup.com/images/500x500sq/std.lang.all/15/18/asset-2471518.jpg",
    "content": "70cl",
    "price": {
      "basicPrice": 29.99,
      "recommendedQuantity": "1.0",
      "measurementUnitPrice": 42.85,
      "measurementUnit": "L",
      "isRedPrice": false,
      "pricePerUOM": 42.85,
      "activationDate": "23-04-2025",
      "recordSource": "Offline",
      "isPromoActive": "N",
      "priceChangeCode": "E",
      "priceReason": "Reaction"
    },
    "isPriceAvailable": true,
    "channelAvailability": [
      "8_BE_STORE",
      "8_LU_STORE",
      "8_BE_COLLECT_NEXT_DAY",
      "8_BE_HOME_DELIVERY_DRIVER"
    ],
    "businessDomain": "RETAIL_BE",
    "walkRouteSequenceNumber": 731,
    "isAvailable": true,
    "inPromo": false,
    "topCategoryName": "Boissons",
    "topCategoryId": "354",
    "categories": [
      {
        "name": "Boissons",
        "id": "354",
        "children": [
          {
            "name": "Alcools/Spiritueux",
            "id": "412",
            "children": [
              {
                "name": "Gin",
                "id": "1555"
              }
            ]
          }
        ]
      }
    ],
    "IsPrivateLabel": false,
    "amount": 0.7,
    "IsBiffe": false,
    "WeightconversionFactor": "0",
    "IsWeightArticle": false,
    "IsBio": false,
    "CountryOfOrigin": "ROYAUME-UNI",
    "IsExclusivelySoldInLuxembourg": false,
    "OrderUnit": "P",
    "ShortName": "RE TANQUERAY RANGPUR70C",
    "AlcoholDisclaimermsg": true,
    "IsNew": false,
    "amountUnit": "kg",
    "CountryOfOriginISO": "GB",
    "EcoscoreLabel": "C",
    "ShowAlcoholLegalMsg": true,
    "LongName": "TANQUERAY Rangpur gin 41,3%vol 70cl",
    "RecentQuanityOfStockUnits": "1,1",
    "AlcoholVolume": "41.3",
    "FicCode": "E",
    "EcoscoreValue": "51"
  },
  {
    "technicalArticleNumber": "4565886",
    "commercialArticleNumber": "3952",
    "gtin": [
      "05099873128077",
      "05099873126967",
      "05099873226964",
      "05099873124888",
      "05099873224885",
      "05099873117620",
      "05099873017623"
    ],
    "productId": "775354",
    "name": "Apple 35%",
    "description": "*Tennessee bl.whisk.\n*\u00c9tats-Unis",
    "brand": "JACK DANIEL'S",
    "seoBrand": "Jack Daniel's",
    "thumbNail": "https://static.colruytgroup.com/images/200x200/std.lang.all/52/49/asset-2755249.jpg",
    "fullImage": "https://static.colruytgroup.com/images/500x500/std.lang.all/52/49/asset-2755249.jpg",
    "squareImage": "https://static.colruytgroup.com/images/500x500sq/std.lang.all/52/49/asset-2755249.jpg",
    "content": "70cl",
    "price": {
      "basicPrice": 29.99,
      "recommendedQuantity": "1.0",
      "measurementUnitPrice": 42.85,
      "measurementUnit": "L",
      "isRedPrice": false,
      "pricePerUOM": 42.85,
      "activationDate": "04-06-2025",
      "recordSource": "Offline",
      "isPromoActive": "N",
      "priceChangeCode": "E",
      "priceReason": "Reaction"
    },
    "isPriceAvailable": true,
    "channelAvailability": [
      "8_BE_STORE",
      "8_LU_STORE",
      "8_BE_COLLECT_NEXT_DAY",
      "8_BE_HOME_DELIVERY_DRIVER"
    ],
    "businessDomain": "RETAIL_BE",
    "walkRouteSequenceNumber": 850,
    "isAvailable": true,
    "inPromo": false,
    "topCategoryName": "Boissons",
    "topCategoryId": "354",
    "categories": [
      {
        "name": "Boissons",
        "id": "354",
        "children": [
          {
            "name": "Alcools/Spiritueux",
            "id": "412",
            "children": [
              {
                "name": "Whisky",
                "id": "413"
              }
            ]
          }
        ]
      }
    ],
    "IsPrivateLabel": false,
    "amount": 0.7,
    "IsBiffe": false,
    "IsWeightArticle": false,
    "WeightconversionFactor": "0",
    "IsBio": false,
    "CountryOfOrigin": "\u00c9TATS-UNIS",
    "IsExclusivelySoldInLuxembourg": false,
    "OrderUnit": "P",
    "AlcoholDisclaimermsg": true,
    "InSeason": true,
    "ShortName": "JADA APPLE 35% 70CL",
    "IsNew": false,
    "amountUnit": "kg",
    "CountryOfOriginISO": "US",
    "EcoscoreLabel": "D",
    "ShowAlcoholLegalMsg": true,
    "LongName": "JACK DANIEL'S Apple 35% 70cl",
    "RecentQuanityOfStockUnits": "1,1",
    "AlcoholVolume": "35",
    "StartSeasonDate": "09/12/2022",
    "FicCode": "E",
    "EcoscoreValue": "38"
  },
  {
    "technicalArticleNumber": "4820006",
    "commercialArticleNumber": "21390",
    "gtin": [
      "03250510230603",
      "13250510230600"
    ],
    "productId": "1131981",
    "name": "Cognac VS 40%",
    "description": "*Cognac\n*Digestif\n*40,0 % vol",
    "brand": "VIGIER-LATOUR",
    "seoBrand": "Vigier-Latour",
    "thumbNail": "https://static.colruytgroup.com/images/200x200/std.lang.all/83/55/asset-3608355.jpg",
    "fullImage": "https://static.colruytgroup.com/images/500x500/std.lang.all/83/55/asset-3608355.jpg",
    "squareImage": "https://static.colruytgroup.com/images/500x500sq/std.lang.all/83/55/asset-3608355.jpg",
    "content": "70cl",
    "price": {
      "basicPrice": 29.99,
      "recommendedQuantity": "1.0",
      "quantityPrice": 28.79,
      "quantityPriceQuantity": "3.0",
      "measurementUnitPrice": 42.85,
      "measurementUnitQuantityPrice": 41.13,
      "measurementUnit": "L",
      "isRedPrice": false,
      "pricePerUOM": 42.85,
      "activationDate": "04-06-2025",
      "isPromoActive": "Y",
      "priceChangeCode": "E",
      "quantityPricePerUOM": 41.13,
      "quantityActivationDate": "04-06-2025",
      "quantityPriceChangeCode": "E",
      "priceReason": "Promo"
    },
    "isPriceAvailable": true,
    "channelAvailability": [
      "8_BE_STORE",
      "8_BE_COLLECT_NEXT_DAY",
      "8_BE_HOME_DELIVERY",
      "8_BE_HOME_DELIVERY_DRIVER"
    ],
    "businessDomain": "RETAIL_BE",
    "walkRouteSequenceNumber": 862,
    "isAvailable": true,
    "inPromo": true,
    "promotion": [
      {
        "techPromoId": "101274COLR",
        "promotionId": "101274",
        "promotionType": "3",
        "isPersonalized": "N",
        "publicationStartDate": "04-06-2025",
        "publicationEndDate": "17-06-2025",
        "topPromo": false
      }
    ],
    "topCategoryName": "Boissons",
    "topCategoryId": "354",
    "categories": [
      {
        "name": "Boissons",
        "id": "354",
        "children": [
          {
            "name": "Alcools/Spiritueux",
            "id": "412",
            "children": [
              {
                "name": "Cognac",
                "id": "414"
              }
            ]
          }
        ]
      }
    ],
    "IsPrivateLabel": false,
    "amount": 0.7,
    "IsBiffe": false,
    "WeightconversionFactor": "0",
    "IsWeightArticle": false,
    "IsBio": false,
    "CountryOfOrigin": "FRANCE",
    "IsExclusivelySoldInLuxembourg": false,
    "OrderUnit": "P",
    "ShortName": "VIGI COGNAC VS 40% 70CL",
    "AlcoholDisclaimermsg": true,
    "IsNew": false,
    "amountUnit": "kg",
    "CountryOfOriginISO": "FR",
    "EcoscoreLabel": "D",
    "ShowAlcoholLegalMsg": true,
    "LongName": "VIGIER-LATOUR Cognac VS 40% 70cl",
    "RecentQuanityOfStockUnits": "1",
    "AlcoholVolume": "40",
    "FicCode": "E",
    "EcoscoreValue": "38"
  },
  {
    "technicalArticleNumber": "4868176",
    "commercialArticleNumber": "8620",
    "gtin": [
      "05000299609347",
      "05000299609323"
    ],
    "productId": "1250656",
    "name": "Founder's Reserve 40%",
    "description": "*Whisky Single Malt\n*\u00c9cosse\n*L\u00e9ger et fruit\u00e9",
    "brand": "THE GLENLIVET",
    "seoBrand": "The Glenlivet",
    "thumbNail": "https://static.colruytgroup.com/images/200x200/std.lang.all/28/32/asset-3732832.jpg",
    "fullImage": "https://static.colruytgroup.com/images/500x500/std.lang.all/28/32/asset-3732832.jpg",
    "squareImage": "https://static.colruytgroup.com/images/500x500sq/std.lang.all/28/32/asset-3732832.jpg",
    "content": "70cl",
    "price": {
      "basicPrice": 29.99,
      "recommendedQuantity": "1.0",
      "measurementUnitPrice": 42.85,
      "measurementUnit": "L",
      "isRedPrice": false,
      "pricePerUOM": 42.85,
      "activationDate": "04-06-2025",
      "recordSource": "Folder",
      "isPromoActive": "N",
      "priceChangeCode": "E",
      "priceReason": "Reaction"
    },
    "isPriceAvailable": true,
    "channelAvailability": [
      "8_BE_STORE",
      "8_LU_STORE",
      "8_BE_COLLECT_NEXT_DAY",
      "8_BE_HOME_DELIVERY",
      "8_BE_HOME_DELIVERY_DRIVER"
    ],
    "businessDomain": "RETAIL_BE",
    "walkRouteSequenceNumber": 977,
    "isAvailable": true,
    "inPromo": false,
    "topCategoryName": "Boissons",
    "topCategoryId": "354",
    "categories": [
      {
        "name": "Boissons",
        "id": "354",
        "children": [
          {
            "name": "Alcools/Spiritueux",
            "id": "412",
            "children": [
              {
                "name": "Whisky",
                "id": "413"
              }
            ]
          }
        ]
      }
    ],
    "IsPrivateLabel": false,
    "amount": 0.7,
    "IsBiffe": false,
    "WeightconversionFactor": "0",
    "IsWeightArticle": false,
    "IsBio": false,
    "CountryOfOrigin": "ROYAUME-UNI",
    "IsExclusivelySoldInLuxembourg": false,
    "OrderUnit": "P",
    "ShortName": "/GLLI WHISKY 40% 70CL",
    "AlcoholDisclaimermsg": true,
    "IsNew": false,
    "amountUnit": "kg",
    "CountryOfOriginISO": "GB",
    "EcoscoreLabel": "D",
    "ShowAlcoholLegalMsg": true,
    "LongName": "THE GLENLIVET Founder's Reserve 40% 70cl",
    "RecentQuanityOfStockUnits": "1",
    "AlcoholVolume": "40",
    "FicCode": "E",
    "EcoscoreValue": "38"
  },
  {
    "technicalArticleNumber": "4895767",
    "commercialArticleNumber": "15692",
    "gtin": [
      "05013967021457",
      "05013967021464"
    ],
    "productId": "1270596",
    "name": "Port Cask Edition 40%",
    "description": "*Whisky Single Malt\n*\u00c9cosse",
    "brand": "TAMNAVULIN",
    "seoBrand": "Tamnavulin",
    "thumbNail": "https://static.colruytgroup.com/images/200x200/std.lang.all/59/19/asset-3815919.jpg",
    "fullImage": "https://static.colruytgroup.com/images/500x500/std.lang.all/59/19/asset-3815919.jpg",
    "squareImage": "https://static.colruytgroup.com/images/500x500sq/std.lang.all/59/19/asset-3815919.jpg",
    "content": "70cl",
    "price": {
      "basicPrice": 30.99,
      "recommendedQuantity": "1.0",
      "measurementUnitPrice": 44.28,
      "measurementUnit": "L",
      "isRedPrice": false,
      "pricePerUOM": 44.28,
      "activationDate": "18-03-2025",
      "isPromoActive": "N",
      "priceChangeCode": "E",
      "priceReason": "FALLBACK"
    },
    "isPriceAvailable": true,
    "channelAvailability": [
      "8_BE_STORE",
      "8_LU_STORE",
      "8_BE_COLLECT_NEXT_DAY",
      "8_BE_HOME_DELIVERY",
      "8_BE_HOME_DELIVERY_DRIVER"
    ],
    "businessDomain": "RETAIL_BE",
    "walkRouteSequenceNumber": 846,
    "isAvailable": true,
    "inPromo": false,
    "topCategoryName": "Boissons",
    "topCategoryId": "354",
    "categories": [
      {
        "name": "Boissons",
        "id": "354",
        "children": [
          {
            "name": "Alcools/Spiritueux",
            "id": "412",
            "children": [
              {
                "name": "Whisky",
                "id": "413"
              }
            ]
          }
        ]
      }
    ],
    "IsPrivateLabel": false,
    "amount": 0.7,
    "IsBiffe": false,
    "WeightconversionFactor": "0",
    "IsWeightArticle": false,
    "IsBio": false,
    "CountryOfOrigin": "ROYAUME-UNI",
    "IsExclusivelySoldInLuxembourg": false,
    "OrderUnit": "P",
    "ShortName": "TAMN PORT CASK ED. 70CL",
    "AlcoholDisclaimermsg": true,
    "IsNew": true,
    "amountUnit": "kg",
    "CountryOfOriginISO": "GB",
    "EcoscoreLabel": "C",
    "ShowAlcoholLegalMsg": true,
    "LongName": "TAMNAVULIN Port Cask Edition 40% 70cl",
    "RecentQuanityOfStockUnits": "1",
    "AlcoholVolume": "40",
    "FicCode": "E",
    "EcoscoreValue": "51"
  },
  {
    "technicalArticleNumber": "1924012",
    "commercialArticleNumber": "18016",
    "gtin": [
      "15413585000587",
      "08501110081092",
      "08501110080439",
      "05413585002294",
      "28501110080433"
    ],
    "productId": "22336",
    "name": "Rhum 7 A\u00f1os Brun 40%vol",
    "description": "*Rhum fonc\u00e9\n*Rhum traditionnel\n*Cuba\n*7 ans de matur.",
    "brand": "HAVANA CLUB",
    "seoBrand": "Havana Club",
    "thumbNail": "https://static.colruytgroup.com/images/200x200/std.lang.all/96/02/asset-2139602.jpg",
    "fullImage": "https://static.colruytgroup.com/images/500x500/std.lang.all/96/02/asset-2139602.jpg",
    "squareImage": "https://static.colruytgroup.com/images/500x500sq/std.lang.all/96/02/asset-2139602.jpg",
    "content": "70cl",
    "price": {
      "basicPrice": 31.89,
      "recommendedQuantity": "1.0",
      "measurementUnitPrice": 45.56,
      "measurementUnit": "L",
      "isRedPrice": false,
      "pricePerUOM": 45.56,
      "activationDate": "05-06-2025",
      "recordSource": "Offline",
      "isPromoActive": "N",
      "priceChangeCode": "H",
      "priceReason": "Reaction"
    },
    "isPriceAvailable": true,
    "channelAvailability": [
      "8_BE_STORE",
      "8_LU_STORE",
      "8_BE_COLLECT_NEXT_DAY",
      "8_BE_HOME_DELIVERY",
      "8_BE_HOME_DELIVERY_DRIVER"
    ],
    "businessDomain": "RETAIL_BE",
    "walkRouteSequenceNumber": 790,
    "isAvailable": true,
    "inPromo": false,
    "topCategoryName": "Boissons",
    "topCategoryId": "354",
    "categories": [
      {
        "name": "Boissons",
        "id": "354",
        "children": [
          {
            "name": "Alcools/Spiritueux",
            "id": "412",
            "children": [
              {
                "name": "Rhum",
                "id": "1554"
              }
            ]
          }
        ]
      }
    ],
    "IsPrivateLabel": false,
    "amount": 0.7,
    "IsBiffe": false,
    "WeightconversionFactor": "0",
    "IsWeightArticle": false,
    "IsBio": false,
    "CountryOfOrigin": "CUBA",
    "IsExclusivelySoldInLuxembourg": false,
    "OrderUnit": "P",
    "ShortName": "HACL RUM 7 ANOS 70CL",
    "AlcoholDisclaimermsg": true,
    "IsNew": false,
    "amountUnit": "kg",
    "CountryOfOriginISO": "CU",
    "EcoscoreLabel": "D",
    "ShowAlcoholLegalMsg": true,
    "LongName": "HAVANA CLUB Rhum 7 A\u00f1os Brun 40%vol 70cl",
    "RecentQuanityOfStockUnits": "1",
    "AlcoholVolume": "40",
    "FicCode": "E",
    "EcoscoreValue": "38"
  },
  {
    "technicalArticleNumber": "3826035",
    "commercialArticleNumber": "21561",
    "gtin": [
      "05099357091422",
      "05099357091439"
    ],
    "productId": "345227",
    "name": "Irish whisky 43,0%vol",
    "description": "*Single malt whisky\n*Irlande\n*L\u00e9ger et floral",
    "brand": "TYRCONNELL",
    "seoBrand": "Tyrconnell",
    "thumbNail": "https://static.colruytgroup.com/images/200x200/std.lang.all/67/61/asset-1466761.jpg",
    "fullImage": "https://static.colruytgroup.com/images/500x500/std.lang.all/67/61/asset-1466761.jpg",
    "squareImage": "https://static.colruytgroup.com/images/500x500sq/std.lang.all/67/61/asset-1466761.jpg",
    "content": "70cl",
    "price": {
      "basicPrice": 32.99,
      "recommendedQuantity": "1.0",
      "measurementUnitPrice": 47.13,
      "measurementUnit": "L",
      "isRedPrice": false,
      "pricePerUOM": 47.13,
      "activationDate": "04-06-2025",
      "isPromoActive": "Y",
      "priceChangeCode": "E",
      "priceReason": "Promo"
    },
    "isPriceAvailable": true,
    "channelAvailability": [
      "8_BE_STORE",
      "8_LU_STORE",
      "8_BE_COLLECT_NEXT_DAY",
      "8_BE_HOME_DELIVERY_DRIVER"
    ],
    "businessDomain": "RETAIL_BE",
    "walkRouteSequenceNumber": 843,
    "isAvailable": true,
    "inPromo": true,
    "promotion": [
      {
        "techPromoId": "101153COLR",
        "promotionId": "101153",
        "promotionType": "3",
        "isPersonalized": "N",
        "publicationStartDate": "04-06-2025",
        "publicationEndDate": "17-06-2025",
        "topPromo": false
      }
    ],
    "topCategoryName": "Boissons",
    "topCategoryId": "354",
    "categories": [
      {
        "name": "Boissons",
        "id": "354",
        "children": [
          {
            "name": "Alcools/Spiritueux",
            "id": "412",
            "children": [
              {
                "name": "Whisky",
                "id": "413"
              }
            ]
          }
        ]
      }
    ],
    "IsPrivateLabel": false,
    "amount": 0.7,
    "IsBiffe": false,
    "WeightconversionFactor": "0",
    "IsWeightArticle": false,
    "IsBio": false,
    "CountryOfOrigin": "IRLANDE",
    "IsExclusivelySoldInLuxembourg": false,
    "OrderUnit": "P",
    "ShortName": "/TYRC SINGLE M.43% 70CL",
    "AlcoholDisclaimermsg": true,
    "IsNew": false,
    "amountUnit": "kg",
    "CountryOfOriginISO": "IE",
    "EcoscoreLabel": "D",
    "ShowAlcoholLegalMsg": true,
    "LongName": "TYRCONNELL Irish whisky 43,0%vol 70cl",
    "RecentQuanityOfStockUnits": "1",
    "AlcoholVolume": "43",
    "FicCode": "E",
    "EcoscoreValue": "38"
  },
  {
    "technicalArticleNumber": "4246479",
    "commercialArticleNumber": "20520",
    "gtin": [
      "13700637900660",
      "03700637900663"
    ],
    "productId": "589009",
    "name": "Cognac VS 40%vol",
    "description": "*40% vol\n*Cognac\n*Digestif",
    "brand": "BISQUIT DUBOUCH\u00c9",
    "seoBrand": "Bisquit Dubouch\u00e9",
    "thumbNail": "https://static.colruytgroup.com/images/200x200/std.lang.all/37/59/asset-2043759.jpg",
    "fullImage": "https://static.colruytgroup.com/images/500x500/std.lang.all/37/59/asset-2043759.jpg",
    "squareImage": "https://static.colruytgroup.com/images/500x500sq/std.lang.all/37/59/asset-2043759.jpg",
    "content": "70cl",
    "price": {
      "basicPrice": 32.99,
      "recommendedQuantity": "1.0",
      "measurementUnitPrice": 47.13,
      "measurementUnit": "L",
      "isRedPrice": true,
      "redPriceReason": "Promo",
      "referencePrice": 35.99,
      "retentionPeriod": 30,
      "pricePerUOM": 47.13,
      "activationDate": "04-06-2025",
      "isPromoActive": "Y",
      "priceChangeCode": "L",
      "priceReason": "Promo"
    },
    "isPriceAvailable": true,
    "channelAvailability": [
      "8_BE_STORE",
      "8_LU_STORE",
      "8_BE_COLLECT_NEXT_DAY",
      "8_BE_HOME_DELIVERY_DRIVER"
    ],
    "businessDomain": "RETAIL_BE",
    "walkRouteSequenceNumber": 866,
    "isAvailable": true,
    "inPromo": false,
    "topCategoryName": "Boissons",
    "topCategoryId": "354",
    "categories": [
      {
        "name": "Boissons",
        "id": "354",
        "children": [
          {
            "name": "Alcools/Spiritueux",
            "id": "412",
            "children": [
              {
                "name": "Cognac",
                "id": "414"
              }
            ]
          }
        ]
      }
    ],
    "IsPrivateLabel": false,
    "amount": 0.7,
    "IsBiffe": false,
    "WeightconversionFactor": "0",
    "IsWeightArticle": false,
    "IsBio": false,
    "CountryOfOrigin": "FRANCE",
    "IsExclusivelySoldInLuxembourg": false,
    "OrderUnit": "P",
    "ShortName": "BIDU COGNAC VS 40% 70CL",
    "AlcoholDisclaimermsg": true,
    "IsNew": false,
    "amountUnit": "kg",
    "CountryOfOriginISO": "FR",
    "EcoscoreLabel": "B",
    "ShowAlcoholLegalMsg": true,
    "LongName": "BISQUIT DUBOUCH\u00c9 Cognac VS 40%vol 70cl",
    "RecentQuanityOfStockUnits": "1",
    "AlcoholVolume": "40",
    "FicCode": "E",
    "EcoscoreValue": "72"
  },
  {
    "technicalArticleNumber": "4281015",
    "commercialArticleNumber": "11932",
    "gtin": [
      "05010278101021",
      "15010278101028",
      "04901777305366",
      "04901777305359",
      "15010496107093",
      "05010496006559"
    ],
    "productId": "609104",
    "name": "43%",
    "description": "*Floral-\u00e9pic\u00e9\n*Tonic m\u00e9diterran\u00e9en\n*Garn. gingembre\n*Japon",
    "brand": "ROKU GIN",
    "seoBrand": "Roku Gin",
    "thumbNail": "https://static.colruytgroup.com/images/200x200/std.lang.all/83/11/asset-2178311.jpg",
    "fullImage": "https://static.colruytgroup.com/images/500x500/std.lang.all/83/11/asset-2178311.jpg",
    "squareImage": "https://static.colruytgroup.com/images/500x500sq/std.lang.all/83/11/asset-2178311.jpg",
    "content": "70cl",
    "price": {
      "basicPrice": 32.99,
      "recommendedQuantity": "1.0",
      "measurementUnitPrice": 47.13,
      "measurementUnit": "L",
      "isRedPrice": false,
      "pricePerUOM": 47.13,
      "activationDate": "03-06-2025",
      "recordSource": "Offline",
      "isPromoActive": "N",
      "priceChangeCode": "H",
      "priceReason": "Reaction"
    },
    "isPriceAvailable": true,
    "channelAvailability": [
      "8_BE_STORE",
      "8_LU_STORE",
      "8_BE_COLLECT_NEXT_DAY",
      "8_BE_HOME_DELIVERY",
      "8_BE_HOME_DELIVERY_DRIVER"
    ],
    "businessDomain": "RETAIL_BE",
    "walkRouteSequenceNumber": 739,
    "isAvailable": true,
    "inPromo": false,
    "topCategoryName": "Boissons",
    "topCategoryId": "354",
    "categories": [
      {
        "name": "Boissons",
        "id": "354",
        "children": [
          {
            "name": "Alcools/Spiritueux",
            "id": "412",
            "children": [
              {
                "name": "Gin",
                "id": "1555"
              }
            ]
          }
        ]
      }
    ],
    "IsPrivateLabel": false,
    "amount": 0.7,
    "IsBiffe": false,
    "WeightconversionFactor": "0",
    "IsWeightArticle": false,
    "IsBio": false,
    "CountryOfOrigin": "JAPON",
    "IsExclusivelySoldInLuxembourg": false,
    "OrderUnit": "P",
    "ShortName": "ROKU GIN 43% 70CL",
    "AlcoholDisclaimermsg": true,
    "IsNew": false,
    "amountUnit": "kg",
    "CountryOfOriginISO": "JP",
    "EcoscoreLabel": "D",
    "ShowAlcoholLegalMsg": true,
    "LongName": "ROKU GIN 43% 70cl",
    "RecentQuanityOfStockUnits": "1",
    "AlcoholVolume": "43",
    "FicCode": "E",
    "EcoscoreValue": "38"
  },
  {
    "technicalArticleNumber": "3731558",
    "commercialArticleNumber": "11092",
    "gtin": [
      "05010314203795",
      "05010314307387",
      "05010314303556",
      "05010314206567"
    ],
    "productId": "341229",
    "name": "Viking Scars 10Y 40%",
    "description": "*Single malt whisky\n*\u00c9cosse\n*Rond, fum\u00e9 (tourb\u00e9)\n*10 ans de matur.",
    "brand": "HIGHLAND PARK",
    "seoBrand": "Highland Park",
    "thumbNail": "https://static.colruytgroup.com/images/200x200/std.lang.all/23/45/asset-2282345.jpg",
    "fullImage": "https://static.colruytgroup.com/images/500x500/std.lang.all/23/45/asset-2282345.jpg",
    "squareImage": "https://static.colruytgroup.com/images/500x500sq/std.lang.all/23/45/asset-2282345.jpg",
    "content": "70cl",
    "price": {
      "basicPrice": 34.99,
      "recommendedQuantity": "1.0",
      "measurementUnitPrice": 49.99,
      "measurementUnit": "L",
      "isRedPrice": false,
      "pricePerUOM": 49.99,
      "activationDate": "04-06-2025",
      "recordSource": "Folder",
      "isPromoActive": "Y",
      "priceChangeCode": "E",
      "priceReason": "Reaction"
    },
    "isPriceAvailable": true,
    "channelAvailability": [
      "8_BE_STORE",
      "8_LU_STORE",
      "8_BE_COLLECT_NEXT_DAY",
      "8_BE_HOME_DELIVERY_DRIVER"
    ],
    "businessDomain": "RETAIL_BE",
    "walkRouteSequenceNumber": 827,
    "isAvailable": true,
    "inPromo": false,
    "topCategoryName": "Boissons",
    "topCategoryId": "354",
    "categories": [
      {
        "name": "Boissons",
        "id": "354",
        "children": [
          {
            "name": "Alcools/Spiritueux",
            "id": "412",
            "children": [
              {
                "name": "Whisky",
                "id": "413"
              }
            ]
          }
        ]
      }
    ],
    "IsPrivateLabel": false,
    "amount": 0.7,
    "IsBiffe": false,
    "IsWeightArticle": false,
    "WeightconversionFactor": "0",
    "IsBio": false,
    "CountryOfOrigin": "ROYAUME-UNI",
    "IsExclusivelySoldInLuxembourg": false,
    "OrderUnit": "P",
    "AlcoholDisclaimermsg": true,
    "InSeason": true,
    "ShortName": "/HIGHL PARK 10Y 40%70CL",
    "IsNew": false,
    "amountUnit": "kg",
    "CountryOfOriginISO": "GB",
    "EcoscoreLabel": "D",
    "ShowAlcoholLegalMsg": true,
    "LongName": "HIGHLAND PARK Viking Scars 10Y 40% 70cl",
    "RecentQuanityOfStockUnits": "1",
    "AlcoholVolume": "40",
    "StartSeasonDate": "26/12/2017",
    "FicCode": "E",
    "EcoscoreValue": "38"
  },
  {
    "technicalArticleNumber": "18077",
    "commercialArticleNumber": "18077",
    "gtin": [
      "05010327000176",
      "05010327325033",
      "05010327335650"
    ],
    "productId": "1323",
    "name": "whisky 12Y 40%",
    "description": "*Single malt whisky\n*\u00c9cosse\n*L\u00e9ger et floral\n*12 ans de matur.",
    "brand": "GLENFIDDICH",
    "seoBrand": "Glenfiddich",
    "thumbNail": "https://static.colruytgroup.com/images/200x200/std.lang.all/97/85/asset-1919785.jpg",
    "fullImage": "https://static.colruytgroup.com/images/500x500/std.lang.all/97/85/asset-1919785.jpg",
    "squareImage": "https://static.colruytgroup.com/images/500x500sq/std.lang.all/97/85/asset-1919785.jpg",
    "content": "70cl",
    "price": {
      "basicPrice": 34.99,
      "recommendedQuantity": "1.0",
      "measurementUnitPrice": 49.99,
      "measurementUnit": "L",
      "isRedPrice": false,
      "pricePerUOM": 49.99,
      "activationDate": "04-06-2025",
      "recordSource": "Folder",
      "isPromoActive": "N",
      "priceChangeCode": "L",
      "priceReason": "Reaction"
    },
    "isPriceAvailable": true,
    "channelAvailability": [
      "8_BE_STORE",
      "8_LU_STORE",
      "8_BE_COLLECT_NEXT_DAY",
      "8_BE_HOME_DELIVERY_DRIVER"
    ],
    "businessDomain": "RETAIL_BE",
    "walkRouteSequenceNumber": 832,
    "isAvailable": true,
    "inPromo": false,
    "topCategoryName": "Boissons",
    "topCategoryId": "354",
    "categories": [
      {
        "name": "Boissons",
        "id": "354",
        "children": [
          {
            "name": "Alcools/Spiritueux",
            "id": "412",
            "children": [
              {
                "name": "Whisky",
                "id": "413"
              }
            ]
          }
        ]
      }
    ],
    "IsPrivateLabel": false,
    "amount": 0.7,
    "IsBiffe": false,
    "WeightconversionFactor": "0",
    "IsWeightArticle": false,
    "IsBio": false,
    "CountryOfOrigin": "ROYAUME-UNI",
    "IsExclusivelySoldInLuxembourg": false,
    "OrderUnit": "P",
    "ShortName": "/GLENFIDD 12Y 40G 70CL",
    "AlcoholDisclaimermsg": true,
    "IsNew": false,
    "amountUnit": "kg",
    "CountryOfOriginISO": "GB",
    "EcoscoreLabel": "B",
    "ShowAlcoholLegalMsg": true,
    "LongName": "GLENFIDDICH whisky 12Y 40% 70cl",
    "RecentQuanityOfStockUnits": "1,6",
    "AlcoholVolume": "40",
    "FicCode": "E",
    "EcoscoreValue": "72"
  },
  {
    "technicalArticleNumber": "4801583",
    "commercialArticleNumber": "35998",
    "gtin": [
      "07431008107010",
      "07431008107003"
    ],
    "productId": "1054031",
    "name": "Rum 12Y 40%",
    "brand": "FLOR DE CA\u00d1A",
    "seoBrand": "Flor de Ca\u00f1a",
    "thumbNail": "https://static.colruytgroup.com/images/200x200/std.lang.all/92/87/asset-3449287.jpg",
    "fullImage": "https://static.colruytgroup.com/images/500x500/std.lang.all/92/87/asset-3449287.jpg",
    "squareImage": "https://static.colruytgroup.com/images/500x500sq/std.lang.all/92/87/asset-3449287.jpg",
    "content": "70cl",
    "price": {
      "basicPrice": 34.99,
      "recommendedQuantity": "1.0",
      "measurementUnitPrice": 49.99,
      "measurementUnit": "L",
      "isRedPrice": false,
      "pricePerUOM": 49.99,
      "activationDate": "14-04-2025",
      "isPromoActive": "N",
      "priceChangeCode": "E",
      "priceReason": "FALLBACK"
    },
    "isPriceAvailable": true,
    "channelAvailability": [
      "8_BE_STORE",
      "8_LU_STORE",
      "8_BE_COLLECT_NEXT_DAY",
      "8_BE_HOME_DELIVERY_DRIVER"
    ],
    "businessDomain": "RETAIL_BE",
    "walkRouteSequenceNumber": 798,
    "isAvailable": true,
    "inPromo": false,
    "topCategoryName": "Boissons",
    "topCategoryId": "354",
    "categories": [
      {
        "name": "Boissons",
        "id": "354",
        "children": [
          {
            "name": "Alcools/Spiritueux",
            "id": "412",
            "children": [
              {
                "name": "Rhum",
                "id": "1554"
              }
            ]
          }
        ]
      }
    ],
    "IsPrivateLabel": false,
    "amount": 0.7,
    "IsBiffe": false,
    "WeightconversionFactor": "0",
    "IsWeightArticle": false,
    "IsBio": false,
    "CountryOfOrigin": "NICARAGUA",
    "IsExclusivelySoldInLuxembourg": false,
    "OrderUnit": "P",
    "ShortName": "/FLCA RUM 12Y 40% 70CL",
    "AlcoholDisclaimermsg": true,
    "IsNew": false,
    "amountUnit": "kg",
    "CountryOfOriginISO": "NI",
    "EcoscoreLabel": "D",
    "ShowAlcoholLegalMsg": true,
    "LongName": "FLOR DE CA\u00d1A Rum 12Y 40% 70cl",
    "RecentQuanityOfStockUnits": "1",
    "AlcoholVolume": "40",
    "FicCode": "E",
    "EcoscoreValue": "38"
  },
  {
    "technicalArticleNumber": "4885530",
    "commercialArticleNumber": "26582",
    "gtin": [
      "05010103940627",
      "05010103940610"
    ],
    "productId": "1262837",
    "name": "Whisky 12Y 43%",
    "description": "*Whisky Single Malt\n*\u00c9cosse\n*12 ans d'\u00e2ge",
    "brand": "KNOCKANDO",
    "seoBrand": "Knockando",
    "thumbNail": "https://static.colruytgroup.com/images/200x200/std.lang.all/90/44/asset-3769044.jpg",
    "fullImage": "https://static.colruytgroup.com/images/500x500/std.lang.all/90/44/asset-3769044.jpg",
    "squareImage": "https://static.colruytgroup.com/images/500x500sq/std.lang.all/90/44/asset-3769044.jpg",
    "content": "70cl",
    "price": {
      "basicPrice": 34.99,
      "recommendedQuantity": "1.0",
      "measurementUnitPrice": 49.99,
      "measurementUnit": "L",
      "isRedPrice": true,
      "redPriceReason": "Promo",
      "referencePrice": 39.99,
      "retentionPeriod": 30,
      "pricePerUOM": 49.99,
      "activationDate": "04-06-2025",
      "isPromoActive": "Y",
      "priceChangeCode": "L",
      "priceReason": "Promo"
    },
    "isPriceAvailable": true,
    "channelAvailability": [
      "8_BE_STORE",
      "8_LU_STORE",
      "8_BE_COLLECT_NEXT_DAY",
      "8_BE_HOME_DELIVERY",
      "8_BE_HOME_DELIVERY_DRIVER"
    ],
    "businessDomain": "RETAIL_BE",
    "walkRouteSequenceNumber": 844,
    "isAvailable": true,
    "inPromo": false,
    "topCategoryName": "Boissons",
    "topCategoryId": "354",
    "categories": [
      {
        "name": "Boissons",
        "id": "354",
        "children": [
          {
            "name": "Alcools/Spiritueux",
            "id": "412",
            "children": [
              {
                "name": "Whisky",
                "id": "413"
              }
            ]
          }
        ]
      }
    ],
    "IsPrivateLabel": false,
    "amount": 0.7,
    "IsBiffe": false,
    "WeightconversionFactor": "0",
    "IsWeightArticle": false,
    "IsBio": false,
    "CountryOfOrigin": "ROYAUME-UNI",
    "IsExclusivelySoldInLuxembourg": false,
    "OrderUnit": "P",
    "ShortName": "KNOC WHISKY 12Y 43%70CL",
    "AlcoholDisclaimermsg": true,
    "IsNew": false,
    "amountUnit": "kg",
    "CountryOfOriginISO": "GB",
    "ShowAlcoholLegalMsg": true,
    "LongName": "KNOCKANDO Whisky 12Y 43% 70cl",
    "RecentQuanityOfStockUnits": "1",
    "AlcoholVolume": "43",
    "FicCode": "E"
  },
  {
    "technicalArticleNumber": "3089640",
    "commercialArticleNumber": "40928",
    "gtin": [
      "05010327755014",
      "05010327755502"
    ],
    "productId": "103886",
    "name": "gin 41,4%",
    "description": "*Floral-\u00e9pic\u00e9\n*Tonic neutre\n*Garn. concombre\n*Royaume-Uni",
    "brand": "HENDRICK'S",
    "seoBrand": "Hendrick's",
    "thumbNail": "https://static.colruytgroup.com/images/200x200/std.lang.all/87/37/asset-368737.jpg",
    "fullImage": "https://static.colruytgroup.com/images/500x500/std.lang.all/87/37/asset-368737.jpg",
    "squareImage": "https://static.colruytgroup.com/images/500x500sq/std.lang.all/87/37/asset-368737.jpg",
    "content": "70cl",
    "price": {
      "basicPrice": 35.99,
      "recommendedQuantity": "1.0",
      "measurementUnitPrice": 51.42,
      "measurementUnit": "L",
      "isRedPrice": false,
      "pricePerUOM": 51.42,
      "activationDate": "03-06-2025",
      "recordSource": "Offline",
      "isPromoActive": "N",
      "priceChangeCode": "H",
      "priceReason": "Reaction"
    },
    "isPriceAvailable": true,
    "channelAvailability": [
      "3_BE_STORE",
      "8_BE_STORE",
      "8_LU_STORE",
      "8_BE_COLLECT_NEXT_DAY",
      "8_BE_HOME_DELIVERY",
      "8_BE_HOME_DELIVERY_DRIVER"
    ],
    "businessDomain": "RETAIL_BE",
    "walkRouteSequenceNumber": 737,
    "isAvailable": true,
    "inPromo": false,
    "topCategoryName": "Boissons",
    "topCategoryId": "354",
    "categories": [
      {
        "name": "Boissons",
        "id": "354",
        "children": [
          {
            "name": "Alcools/Spiritueux",
            "id": "412",
            "children": [
              {
                "name": "Gin",
                "id": "1555"
              }
            ]
          }
        ]
      }
    ],
    "IsPrivateLabel": false,
    "amount": 0.7,
    "IsBiffe": false,
    "IsWeightArticle": false,
    "WeightconversionFactor": "0",
    "IsBio": false,
    "CountryOfOrigin": "ROYAUME-UNI",
    "IsExclusivelySoldInLuxembourg": false,
    "OrderUnit": "P",
    "AlcoholDisclaimermsg": true,
    "InSeason": true,
    "ShortName": "HENDRICK S 70C 41.4%",
    "IsNew": false,
    "amountUnit": "kg",
    "CountryOfOriginISO": "GB",
    "EcoscoreLabel": "B",
    "ShowAlcoholLegalMsg": true,
    "LongName": "HENDRICK'S gin 41,4% 70cl",
    "RecentQuanityOfStockUnits": "1,6",
    "AlcoholVolume": "41.4",
    "StartSeasonDate": "06/03/2014",
    "FicCode": "E",
    "EcoscoreValue": "70"
  },
  {
    "technicalArticleNumber": "3046545",
    "commercialArticleNumber": "19417",
    "gtin": [
      "05000281020778",
      "05000281020761"
    ],
    "productId": "114038",
    "name": "Gin N\u00b0 Ten 47,3%",
    "description": "*Fruit\u00e9-\u00e9pic\u00e9\n*Tonic floral\n*Garn. pamplemousse\n*Royaume-Uni",
    "brand": "TANQUERAY",
    "seoBrand": "Tanqueray",
    "thumbNail": "https://static.colruytgroup.com/images/200x200/std.lang.all/89/90/asset-688990.jpg",
    "fullImage": "https://static.colruytgroup.com/images/500x500/std.lang.all/89/90/asset-688990.jpg",
    "squareImage": "https://static.colruytgroup.com/images/500x500sq/std.lang.all/89/90/asset-688990.jpg",
    "content": "70cl",
    "price": {
      "basicPrice": 35.99,
      "recommendedQuantity": "1.0",
      "measurementUnitPrice": 51.42,
      "measurementUnit": "L",
      "isRedPrice": false,
      "pricePerUOM": 51.42,
      "activationDate": "05-05-2025",
      "recordSource": "Offline",
      "isPromoActive": "N",
      "priceChangeCode": "E",
      "priceReason": "Reaction"
    },
    "isPriceAvailable": true,
    "channelAvailability": [
      "8_BE_STORE",
      "8_LU_STORE",
      "8_BE_COLLECT_NEXT_DAY",
      "8_BE_HOME_DELIVERY",
      "8_BE_HOME_DELIVERY_DRIVER"
    ],
    "businessDomain": "RETAIL_BE",
    "walkRouteSequenceNumber": 732,
    "isAvailable": true,
    "inPromo": false,
    "topCategoryName": "Boissons",
    "topCategoryId": "354",
    "categories": [
      {
        "name": "Boissons",
        "id": "354",
        "children": [
          {
            "name": "Alcools/Spiritueux",
            "id": "412",
            "children": [
              {
                "name": "Gin",
                "id": "1555"
              }
            ]
          }
        ]
      }
    ],
    "IsPrivateLabel": false,
    "amount": 0.7,
    "IsBiffe": false,
    "IsWeightArticle": false,
    "WeightconversionFactor": "0",
    "IsBio": false,
    "CountryOfOrigin": "ROYAUME-UNI",
    "IsExclusivelySoldInLuxembourg": false,
    "OrderUnit": "P",
    "AlcoholDisclaimermsg": true,
    "ShortName": "TANQUERAY TEN 70CL 47.3",
    "IsNew": false,
    "amountUnit": "kg",
    "CountryOfOriginISO": "GB",
    "servings": {
      "source": "23.0",
      "parsedValue": 23
    },
    "EcoscoreLabel": "C",
    "ShowAlcoholLegalMsg": true,
    "LongName": "TANQUERAY Gin N\u00b0 Ten 47,3% 70cl",
    "RecentQuanityOfStockUnits": "1,1",
    "AlcoholVolume": "47.3",
    "FicCode": "E",
    "EcoscoreValue": "51"
  },
  {
    "technicalArticleNumber": "4869567",
    "commercialArticleNumber": "17851",
    "gtin": [
      "04901777303553",
      "10080686957284"
    ],
    "productId": "1251601",
    "name": "Suntory Whisky japonais 43%",
    "description": "*Whisky Blended\n*Japon",
    "brand": "TOKI",
    "seoBrand": "Toki",
    "thumbNail": "https://static.colruytgroup.com/images/200x200/std.lang.all/28/33/asset-3732833.jpg",
    "fullImage": "https://static.colruytgroup.com/images/500x500/std.lang.all/28/33/asset-3732833.jpg",
    "squareImage": "https://static.colruytgroup.com/images/500x500sq/std.lang.all/28/33/asset-3732833.jpg",
    "content": "70cl",
    "price": {
      "basicPrice": 35.99,
      "recommendedQuantity": "1.0",
      "measurementUnitPrice": 51.42,
      "measurementUnit": "L",
      "isRedPrice": false,
      "pricePerUOM": 51.42,
      "activationDate": "04-06-2025",
      "isPromoActive": "Y",
      "priceChangeCode": "E",
      "priceReason": "Promo"
    },
    "isPriceAvailable": true,
    "channelAvailability": [
      "8_BE_STORE",
      "8_LU_STORE",
      "8_BE_COLLECT_NEXT_DAY",
      "8_BE_HOME_DELIVERY",
      "8_BE_HOME_DELIVERY_DRIVER"
    ],
    "businessDomain": "RETAIL_BE",
    "walkRouteSequenceNumber": 978,
    "isAvailable": true,
    "inPromo": true,
    "promotion": [
      {
        "techPromoId": "101153COLR",
        "promotionId": "101153",
        "promotionType": "3",
        "isPersonalized": "N",
        "publicationStartDate": "04-06-2025",
        "publicationEndDate": "17-06-2025",
        "topPromo": false
      }
    ],
    "topCategoryName": "Boissons",
    "topCategoryId": "354",
    "categories": [
      {
        "name": "Boissons",
        "id": "354",
        "children": [
          {
            "name": "Alcools/Spiritueux",
            "id": "412",
            "children": [
              {
                "name": "Whisky",
                "id": "413"
              }
            ]
          }
        ]
      }
    ],
    "IsPrivateLabel": false,
    "amount": 0.7,
    "IsBiffe": false,
    "WeightconversionFactor": "0",
    "IsWeightArticle": false,
    "IsBio": false,
    "CountryOfOrigin": "ROYAUME-UNI",
    "IsExclusivelySoldInLuxembourg": false,
    "OrderUnit": "P",
    "ShortName": "TOKI SUNTORY WHISKY70CL",
    "AlcoholDisclaimermsg": true,
    "IsNew": false,
    "amountUnit": "kg",
    "CountryOfOriginISO": "GB",
    "EcoscoreLabel": "D",
    "ShowAlcoholLegalMsg": true,
    "LongName": "TOKI Suntory Whisky japonais 43% 70cl",
    "RecentQuanityOfStockUnits": "1",
    "AlcoholVolume": "43",
    "FicCode": "E",
    "EcoscoreValue": "38"
  },
  {
    "technicalArticleNumber": "4885360",
    "commercialArticleNumber": "24389",
    "gtin": [
      "03253781210060",
      "03253781210015"
    ],
    "productId": "1262998",
    "name": "Cognac VS 40%",
    "brand": "BARON OTARD",
    "seoBrand": "Baron Otard",
    "thumbNail": "https://static.colruytgroup.com/images/200x200/std.lang.all/26/50/asset-3822650.jpg",
    "fullImage": "https://static.colruytgroup.com/images/500x500/std.lang.all/26/50/asset-3822650.jpg",
    "squareImage": "https://static.colruytgroup.com/images/500x500sq/std.lang.all/26/50/asset-3822650.jpg",
    "content": "70cl",
    "price": {
      "basicPrice": 35.99,
      "recommendedQuantity": "1.0",
      "measurementUnitPrice": 51.42,
      "measurementUnit": "L",
      "isRedPrice": true,
      "redPriceReason": "Promo",
      "referencePrice": 39.99,
      "retentionPeriod": 30,
      "pricePerUOM": 51.42,
      "activationDate": "04-06-2025",
      "isPromoActive": "Y",
      "priceChangeCode": "L",
      "priceReason": "Promo"
    },
    "isPriceAvailable": true,
    "channelAvailability": [
      "8_BE_STORE",
      "8_LU_STORE",
      "8_BE_COLLECT_NEXT_DAY",
      "8_BE_HOME_DELIVERY",
      "8_BE_HOME_DELIVERY_DRIVER"
    ],
    "businessDomain": "RETAIL_BE",
    "walkRouteSequenceNumber": 869,
    "isAvailable": true,
    "inPromo": false,
    "topCategoryName": "Boissons",
    "topCategoryId": "354",
    "categories": [
      {
        "name": "Boissons",
        "id": "354",
        "children": [
          {
            "name": "Alcools/Spiritueux",
            "id": "412",
            "children": [
              {
                "name": "Cognac",
                "id": "414"
              }
            ]
          }
        ]
      }
    ],
    "IsPrivateLabel": false,
    "amount": 0.7,
    "IsBiffe": false,
    "IsWeightArticle": false,
    "WeightconversionFactor": "0",
    "IsBio": false,
    "CountryOfOrigin": "FRANCE",
    "IsExclusivelySoldInLuxembourg": false,
    "OrderUnit": "P",
    "AlcoholDisclaimermsg": true,
    "ShortName": "OTAR COGNAC 40% 70CL",
    "IsNew": false,
    "amountUnit": "kg",
    "CountryOfOriginISO": "FR",
    "servings": 23.3,
    "EcoscoreLabel": "C",
    "ShowAlcoholLegalMsg": true,
    "LongName": "BARON OTARD Cognac VS 40% 70cl",
    "RecentQuanityOfStockUnits": "1",
    "AlcoholVolume": "40",
    "FicCode": "E",
    "EcoscoreValue": "51"
  },
  {
    "technicalArticleNumber": "3820387",
    "commercialArticleNumber": "19176",
    "gtin": [
      "43460410528801",
      "43460410538688",
      "03460410538567",
      "03460410529909",
      "43460410529907"
    ],
    "productId": "341669",
    "name": "Rhum Gran A\u00f1ejo 42%",
    "description": "*Rhum \u00e9pic\u00e9\n*M\u00e9l. de rhums bruns\n*Guatemala",
    "brand": "PLANTERAY",
    "seoBrand": "Planteray",
    "thumbNail": "https://static.colruytgroup.com/images/200x200/std.lang.all/06/85/asset-3760685.jpg",
    "fullImage": "https://static.colruytgroup.com/images/500x500/std.lang.all/06/85/asset-3760685.jpg",
    "squareImage": "https://static.colruytgroup.com/images/500x500sq/std.lang.all/06/85/asset-3760685.jpg",
    "content": "70cl",
    "price": {
      "basicPrice": 36.95,
      "recommendedQuantity": "1.0",
      "measurementUnitPrice": 52.79,
      "measurementUnit": "L",
      "isRedPrice": false,
      "pricePerUOM": 52.79,
      "activationDate": "07-05-2025",
      "isPromoActive": "N",
      "priceChangeCode": "H",
      "priceReason": "FALLBACK"
    },
    "isPriceAvailable": true,
    "channelAvailability": [
      "8_BE_STORE",
      "8_LU_STORE",
      "8_BE_COLLECT_NEXT_DAY",
      "8_BE_HOME_DELIVERY_DRIVER"
    ],
    "businessDomain": "RETAIL_BE",
    "walkRouteSequenceNumber": 803,
    "isAvailable": true,
    "inPromo": false,
    "topCategoryName": "Boissons",
    "topCategoryId": "354",
    "categories": [
      {
        "name": "Boissons",
        "id": "354",
        "children": [
          {
            "name": "Alcools/Spiritueux",
            "id": "412",
            "children": [
              {
                "name": "Rhum",
                "id": "1554"
              }
            ]
          }
        ]
      }
    ],
    "IsPrivateLabel": false,
    "amount": 0.7,
    "IsBiffe": false,
    "WeightconversionFactor": "0",
    "IsWeightArticle": false,
    "IsBio": false,
    "CountryOfOrigin": "GUATEMALA",
    "IsExclusivelySoldInLuxembourg": false,
    "OrderUnit": "P",
    "ShortName": "/PLAN GRAN ANEJO 70CL",
    "AlcoholDisclaimermsg": true,
    "IsNew": false,
    "amountUnit": "kg",
    "CountryOfOriginISO": "GT",
    "EcoscoreLabel": "D",
    "ShowAlcoholLegalMsg": true,
    "LongName": "PLANTERAY Rhum Gran A\u00f1ejo 42% 70cl",
    "RecentQuanityOfStockUnits": "1,1",
    "AlcoholVolume": "42",
    "FicCode": "E",
    "EcoscoreValue": "38"
  },
  {
    "technicalArticleNumber": "2559483",
    "commercialArticleNumber": "2690",
    "gtin": [
      "05000281050188",
      "05000281021621",
      "05000281022413"
    ],
    "productId": "71696",
    "name": "whisky 12Y 40%",
    "description": "*Single malt whisky\n*\u00c9cosse\n*Riche et doux\n*12 ans de matur.",
    "brand": "THE SINGLETON",
    "seoBrand": "The Singleton",
    "thumbNail": "https://static.colruytgroup.com/images/200x200/std.lang.all/45/89/asset-3134589.jpg",
    "fullImage": "https://static.colruytgroup.com/images/500x500/std.lang.all/45/89/asset-3134589.jpg",
    "squareImage": "https://static.colruytgroup.com/images/500x500sq/std.lang.all/45/89/asset-3134589.jpg",
    "content": "70cl",
    "price": {
      "basicPrice": 36.99,
      "recommendedQuantity": "1.0",
      "measurementUnitPrice": 52.85,
      "measurementUnit": "L",
      "isRedPrice": false,
      "pricePerUOM": 52.85,
      "activationDate": "03-06-2025",
      "recordSource": "Offline",
      "isPromoActive": "N",
      "priceChangeCode": "H",
      "priceReason": "Reaction"
    },
    "isPriceAvailable": true,
    "channelAvailability": [
      "8_BE_STORE",
      "8_LU_STORE",
      "8_BE_COLLECT_NEXT_DAY",
      "8_BE_HOME_DELIVERY",
      "8_BE_HOME_DELIVERY_DRIVER"
    ],
    "businessDomain": "RETAIL_BE",
    "walkRouteSequenceNumber": 833,
    "isAvailable": true,
    "inPromo": false,
    "topCategoryName": "Boissons",
    "topCategoryId": "354",
    "categories": [
      {
        "name": "Boissons",
        "id": "354",
        "children": [
          {
            "name": "Alcools/Spiritueux",
            "id": "412",
            "children": [
              {
                "name": "Whisky",
                "id": "413"
              }
            ]
          }
        ]
      }
    ],
    "IsPrivateLabel": false,
    "amount": 0.7,
    "IsBiffe": false,
    "IsWeightArticle": false,
    "WeightconversionFactor": "0",
    "IsBio": false,
    "CountryOfOrigin": "ROYAUME-UNI",
    "IsExclusivelySoldInLuxembourg": false,
    "OrderUnit": "P",
    "AlcoholDisclaimermsg": true,
    "InSeason": true,
    "ShortName": "SINGLETON 12J 40D 70CL",
    "IsNew": false,
    "amountUnit": "kg",
    "CountryOfOriginISO": "GB",
    "servings": {
      "source": "23.0",
      "parsedValue": 23
    },
    "EcoscoreLabel": "C",
    "ShowAlcoholLegalMsg": true,
    "LongName": "THE SINGLETON whisky 12Y 40% 70cl",
    "RecentQuanityOfStockUnits": "1",
    "AlcoholVolume": "40",
    "StartSeasonDate": "09/06/2017",
    "FicCode": "E",
    "EcoscoreValue": "51"
  },
  {
    "technicalArticleNumber": "4557273",
    "commercialArticleNumber": "25700",
    "gtin": [
      "03460410521729",
      "43460410521727",
      "03460410538536",
      "43460410538657"
    ],
    "productId": "770330",
    "name": "Rhum Grande R\u00e9serve 40%",
    "description": "*Rhum \u00e9pic\u00e9\n*M\u00e9lange de rhums\nbruns",
    "brand": "PLANTERAY",
    "seoBrand": "Planteray",
    "thumbNail": "https://static.colruytgroup.com/images/200x200/std.lang.all/06/81/asset-3760681.jpg",
    "fullImage": "https://static.colruytgroup.com/images/500x500/std.lang.all/06/81/asset-3760681.jpg",
    "squareImage": "https://static.colruytgroup.com/images/500x500sq/std.lang.all/06/81/asset-3760681.jpg",
    "content": "70cl",
    "price": {
      "basicPrice": 37.45,
      "recommendedQuantity": "1.0",
      "quantityPrice": 34.45,
      "quantityPriceQuantity": "3.0",
      "measurementUnitPrice": 53.5,
      "measurementUnitQuantityPrice": 49.22,
      "measurementUnit": "L",
      "isRedPrice": false,
      "pricePerUOM": 53.5,
      "activationDate": "04-12-2024",
      "isPromoActive": "N",
      "priceChangeCode": "H",
      "quantityPricePerUOM": 49.22,
      "quantityActivationDate": "04-12-2024",
      "quantityPriceChangeCode": "H",
      "priceReason": "FALLBACK"
    },
    "isPriceAvailable": true,
    "channelAvailability": [
      "8_BE_STORE",
      "8_LU_STORE",
      "8_BE_COLLECT_NEXT_DAY",
      "8_BE_HOME_DELIVERY_DRIVER"
    ],
    "businessDomain": "RETAIL_BE",
    "walkRouteSequenceNumber": 802,
    "isAvailable": true,
    "inPromo": false,
    "topCategoryName": "Boissons",
    "topCategoryId": "354",
    "categories": [
      {
        "name": "Boissons",
        "id": "354",
        "children": [
          {
            "name": "Alcools/Spiritueux",
            "id": "412",
            "children": [
              {
                "name": "Rhum",
                "id": "1554"
              }
            ]
          }
        ]
      }
    ],
    "IsPrivateLabel": false,
    "amount": 0.7,
    "IsBiffe": false,
    "WeightconversionFactor": "0",
    "IsWeightArticle": false,
    "IsBio": false,
    "CountryOfOrigin": "BARBADE",
    "IsExclusivelySoldInLuxembourg": false,
    "OrderUnit": "P",
    "ShortName": "PLAN RHUM GRANDE RES70C",
    "AlcoholDisclaimermsg": true,
    "IsNew": false,
    "amountUnit": "kg",
    "CountryOfOriginISO": "BB",
    "EcoscoreLabel": "D",
    "ShowAlcoholLegalMsg": true,
    "LongName": "PLANTERAY Rhum Grande R\u00e9serve 40% 70cl",
    "RecentQuanityOfStockUnits": "1,1",
    "AlcoholVolume": "40",
    "FicCode": "E",
    "EcoscoreValue": "38"
  },
  {
    "technicalArticleNumber": "4501569",
    "commercialArticleNumber": "8643",
    "gtin": [
      "05010019637604",
      "05010019637611"
    ],
    "productId": "738585",
    "name": "Oak Select 40%",
    "brand": "LAPHROAIG",
    "seoBrand": "Laphroaig",
    "thumbNail": "https://static.colruytgroup.com/images/200x200/std.lang.all/87/04/asset-3558704.jpg",
    "fullImage": "https://static.colruytgroup.com/images/500x500/std.lang.all/87/04/asset-3558704.jpg",
    "squareImage": "https://static.colruytgroup.com/images/500x500sq/std.lang.all/87/04/asset-3558704.jpg",
    "content": "70cl",
    "price": {
      "basicPrice": 38.95,
      "recommendedQuantity": "1.0",
      "measurementUnitPrice": 55.65,
      "measurementUnit": "L",
      "isRedPrice": false,
      "pricePerUOM": 55.65,
      "activationDate": "04-06-2025",
      "recordSource": "Online",
      "isPromoActive": "N",
      "priceChangeCode": "E",
      "priceReason": "Reaction"
    },
    "isPriceAvailable": true,
    "channelAvailability": [
      "8_BE_STORE",
      "8_LU_STORE",
      "8_BE_COLLECT_NEXT_DAY",
      "8_BE_HOME_DELIVERY_DRIVER"
    ],
    "businessDomain": "RETAIL_BE",
    "walkRouteSequenceNumber": 828,
    "isAvailable": true,
    "inPromo": true,
    "promotion": [
      {
        "techPromoId": "101153COLR",
        "promotionId": "101153",
        "promotionType": "3",
        "isPersonalized": "N",
        "publicationStartDate": "04-06-2025",
        "publicationEndDate": "17-06-2025",
        "topPromo": false
      }
    ],
    "topCategoryName": "Boissons",
    "topCategoryId": "354",
    "categories": [
      {
        "name": "Boissons",
        "id": "354",
        "children": [
          {
            "name": "Alcools/Spiritueux",
            "id": "412",
            "children": [
              {
                "name": "Whisky",
                "id": "413"
              }
            ]
          }
        ]
      }
    ],
    "IsPrivateLabel": false,
    "amount": 0.7,
    "IsBiffe": false,
    "IsWeightArticle": false,
    "WeightconversionFactor": "0",
    "IsBio": false,
    "CountryOfOrigin": "ROYAUME-UNI",
    "IsExclusivelySoldInLuxembourg": false,
    "OrderUnit": "P",
    "AlcoholDisclaimermsg": true,
    "InSeason": true,
    "ShortName": "/LAPH OAK SELECT40%70CL",
    "IsNew": false,
    "amountUnit": "kg",
    "CountryOfOriginISO": "GB",
    "EcoscoreLabel": "D",
    "ShowAlcoholLegalMsg": true,
    "LongName": "LAPHROAIG Oak Select 40% 70cl",
    "RecentQuanityOfStockUnits": "1",
    "AlcoholVolume": "40",
    "StartSeasonDate": "09/01/2023",
    "FicCode": "E",
    "EcoscoreValue": "38"
  },
  {
    "technicalArticleNumber": "3563093",
    "commercialArticleNumber": "31505",
    "gtin": [
      "15099873129057",
      "08411640000459",
      "28411640000453",
      "05099873029053"
    ],
    "productId": "231515",
    "name": "Mediterranean Gin 42,7%",
    "description": "*Gin\n*42,7% vol",
    "brand": "GIN MARE",
    "seoBrand": "Gin Mare",
    "thumbNail": "https://static.colruytgroup.com/images/200x200/std.lang.all/35/54/asset-3643554.jpg",
    "fullImage": "https://static.colruytgroup.com/images/500x500/std.lang.all/35/54/asset-3643554.jpg",
    "squareImage": "https://static.colruytgroup.com/images/500x500sq/std.lang.all/35/54/asset-3643554.jpg",
    "content": "70cl",
    "price": {
      "basicPrice": 39.95,
      "recommendedQuantity": "1.0",
      "measurementUnitPrice": 57.08,
      "measurementUnit": "L",
      "isRedPrice": false,
      "pricePerUOM": 57.08,
      "activationDate": "03-06-2025",
      "recordSource": "Offline",
      "isPromoActive": "N",
      "priceChangeCode": "E",
      "priceReason": "Reaction"
    },
    "isPriceAvailable": true,
    "channelAvailability": [
      "8_BE_STORE",
      "8_LU_STORE",
      "8_BE_COLLECT_NEXT_DAY",
      "8_BE_HOME_DELIVERY",
      "8_BE_HOME_DELIVERY_DRIVER"
    ],
    "businessDomain": "RETAIL_BE",
    "walkRouteSequenceNumber": 733,
    "isAvailable": true,
    "inPromo": false,
    "topCategoryName": "Boissons",
    "topCategoryId": "354",
    "categories": [
      {
        "name": "Boissons",
        "id": "354",
        "children": [
          {
            "name": "Alcools/Spiritueux",
            "id": "412",
            "children": [
              {
                "name": "Gin",
                "id": "1555"
              }
            ]
          }
        ]
      }
    ],
    "IsPrivateLabel": false,
    "amount": 0.7,
    "IsBiffe": false,
    "WeightconversionFactor": "0",
    "IsWeightArticle": false,
    "IsBio": false,
    "CountryOfOrigin": "ESPAGNE",
    "IsExclusivelySoldInLuxembourg": false,
    "OrderUnit": "P",
    "ShortName": "MARE GIN MEDITERRAN70CL",
    "AlcoholDisclaimermsg": true,
    "IsNew": false,
    "amountUnit": "kg",
    "CountryOfOriginISO": "ES",
    "EcoscoreLabel": "C",
    "ShowAlcoholLegalMsg": true,
    "LongName": "GIN MARE Mediterranean Gin 42,7% 70cl",
    "RecentQuanityOfStockUnits": "1,1",
    "AlcoholVolume": "42.7",
    "FicCode": "E",
    "EcoscoreValue": "51"
  },
  {
    "technicalArticleNumber": "4418224",
    "commercialArticleNumber": "22231",
    "gtin": [
      "05060044483745",
      "05060044483738"
    ],
    "productId": "691187",
    "name": "Barrel Reserve 43%",
    "description": "*Single malt whisky\n*\u00c9cosse\n*Fruit\u00e9-\u00e9pic\u00e9\n*F\u00fbts de bourbon",
    "brand": "ARRAN",
    "seoBrand": "Arran",
    "thumbNail": "https://static.colruytgroup.com/images/200x200/std.lang.all/05/63/asset-2400563.jpg",
    "fullImage": "https://static.colruytgroup.com/images/500x500/std.lang.all/05/63/asset-2400563.jpg",
    "squareImage": "https://static.colruytgroup.com/images/500x500sq/std.lang.all/05/63/asset-2400563.jpg",
    "content": "70cl",
    "price": {
      "basicPrice": 39.95,
      "recommendedQuantity": "1.0",
      "measurementUnitPrice": 57.08,
      "measurementUnit": "L",
      "isRedPrice": false,
      "pricePerUOM": 57.08,
      "activationDate": "04-06-2025",
      "isPromoActive": "N",
      "priceChangeCode": "H",
      "priceReason": "FALLBACK"
    },
    "isPriceAvailable": true,
    "channelAvailability": [
      "8_BE_STORE",
      "8_LU_STORE",
      "8_BE_COLLECT_NEXT_DAY",
      "8_BE_HOME_DELIVERY_DRIVER"
    ],
    "businessDomain": "RETAIL_BE",
    "walkRouteSequenceNumber": 829,
    "isAvailable": true,
    "inPromo": false,
    "topCategoryName": "Boissons",
    "topCategoryId": "354",
    "categories": [
      {
        "name": "Boissons",
        "id": "354",
        "children": [
          {
            "name": "Alcools/Spiritueux",
            "id": "412",
            "children": [
              {
                "name": "Whisky",
                "id": "413"
              }
            ]
          }
        ]
      }
    ],
    "IsPrivateLabel": false,
    "amount": 0.7,
    "IsBiffe": false,
    "WeightconversionFactor": "0",
    "IsWeightArticle": false,
    "IsBio": false,
    "CountryOfOrigin": "ROYAUME-UNI",
    "IsExclusivelySoldInLuxembourg": false,
    "OrderUnit": "P",
    "ShortName": "ARRA BARREL RES.43%70CL",
    "AlcoholDisclaimermsg": true,
    "IsNew": false,
    "amountUnit": "kg",
    "CountryOfOriginISO": "GB",
    "EcoscoreLabel": "B",
    "ShowAlcoholLegalMsg": true,
    "LongName": "ARRAN Barrel Reserve 43% 70cl",
    "RecentQuanityOfStockUnits": "1",
    "AlcoholVolume": "43",
    "FicCode": "E",
    "EcoscoreValue": "60"
  },
  {
    "technicalArticleNumber": "4567294",
    "commercialArticleNumber": "6919",
    "gtin": [
      "05000281021966",
      "05000281021935",
      "05000281021942"
    ],
    "productId": "775996",
    "name": "whisky 12Y 43%",
    "description": "*Whisky Single Malt\n*\u00c9cosse",
    "brand": "GLENKINCHIE",
    "seoBrand": "Glenkinchie",
    "thumbNail": "https://static.colruytgroup.com/images/200x200/std.lang.all/52/50/asset-2755250.jpg",
    "fullImage": "https://static.colruytgroup.com/images/500x500/std.lang.all/52/50/asset-2755250.jpg",
    "squareImage": "https://static.colruytgroup.com/images/500x500sq/std.lang.all/52/50/asset-2755250.jpg",
    "content": "70cl",
    "price": {
      "basicPrice": 39.99,
      "recommendedQuantity": "1.0",
      "measurementUnitPrice": 57.13,
      "measurementUnit": "L",
      "isRedPrice": false,
      "pricePerUOM": 57.13,
      "activationDate": "04-06-2025",
      "recordSource": "Offline",
      "isPromoActive": "Y",
      "priceChangeCode": "E",
      "priceReason": "Reaction"
    },
    "isPriceAvailable": true,
    "channelAvailability": [
      "8_BE_STORE",
      "8_LU_STORE",
      "8_BE_COLLECT_NEXT_DAY",
      "8_BE_HOME_DELIVERY_DRIVER"
    ],
    "businessDomain": "RETAIL_BE",
    "walkRouteSequenceNumber": 830,
    "isAvailable": true,
    "inPromo": false,
    "topCategoryName": "Boissons",
    "topCategoryId": "354",
    "categories": [
      {
        "name": "Boissons",
        "id": "354",
        "children": [
          {
            "name": "Alcools/Spiritueux",
            "id": "412",
            "children": [
              {
                "name": "Whisky",
                "id": "413"
              }
            ]
          }
        ]
      }
    ],
    "IsPrivateLabel": false,
    "amount": 0.7,
    "IsBiffe": false,
    "IsWeightArticle": false,
    "WeightconversionFactor": "0",
    "IsBio": false,
    "CountryOfOrigin": "ROYAUME-UNI",
    "IsExclusivelySoldInLuxembourg": false,
    "OrderUnit": "P",
    "AlcoholDisclaimermsg": true,
    "InSeason": true,
    "ShortName": "/GLKI WHISKY 12Y43%70CL",
    "IsNew": false,
    "amountUnit": "kg",
    "CountryOfOriginISO": "GB",
    "EcoscoreLabel": "C",
    "ShowAlcoholLegalMsg": true,
    "LongName": "GLENKINCHIE whisky 12Y 43% 70cl",
    "RecentQuanityOfStockUnits": "1",
    "AlcoholVolume": "43",
    "StartSeasonDate": "17/11/2022",
    "FicCode": "E",
    "EcoscoreValue": "51"
  },
  {
    "technicalArticleNumber": "4817942",
    "commercialArticleNumber": "14397",
    "gtin": [
      "24809015157187",
      "04809015157183"
    ],
    "productId": "1122754",
    "name": "Masskara Rum 40%",
    "brand": "DON PAPA",
    "seoBrand": "Don Papa",
    "thumbNail": "https://static.colruytgroup.com/images/200x200/std.lang.all/27/61/asset-3482761.jpg",
    "fullImage": "https://static.colruytgroup.com/images/500x500/std.lang.all/27/61/asset-3482761.jpg",
    "squareImage": "https://static.colruytgroup.com/images/500x500sq/std.lang.all/27/61/asset-3482761.jpg",
    "content": "70cl",
    "price": {
      "basicPrice": 39.99,
      "recommendedQuantity": "1.0",
      "measurementUnitPrice": 57.13,
      "measurementUnit": "L",
      "isRedPrice": false,
      "pricePerUOM": 57.13,
      "activationDate": "03-06-2025",
      "recordSource": "Offline",
      "isPromoActive": "N",
      "priceChangeCode": "E",
      "priceReason": "Reaction"
    },
    "isPriceAvailable": true,
    "channelAvailability": [
      "8_BE_STORE",
      "8_LU_STORE",
      "8_BE_COLLECT_NEXT_DAY",
      "8_BE_HOME_DELIVERY",
      "8_BE_HOME_DELIVERY_DRIVER"
    ],
    "businessDomain": "RETAIL_BE",
    "walkRouteSequenceNumber": 799,
    "isAvailable": true,
    "inPromo": false,
    "topCategoryName": "Boissons",
    "topCategoryId": "354",
    "categories": [
      {
        "name": "Boissons",
        "id": "354",
        "children": [
          {
            "name": "Alcools/Spiritueux",
            "id": "412",
            "children": [
              {
                "name": "Rhum",
                "id": "1554"
              }
            ]
          }
        ]
      }
    ],
    "IsPrivateLabel": false,
    "amount": 0.7,
    "IsBiffe": false,
    "WeightconversionFactor": "0",
    "IsWeightArticle": false,
    "IsBio": false,
    "CountryOfOrigin": "PHILIPPINES",
    "IsExclusivelySoldInLuxembourg": false,
    "OrderUnit": "P",
    "ShortName": "DONP MASSKARA RUM 70CL",
    "AlcoholDisclaimermsg": true,
    "IsNew": false,
    "amountUnit": "kg",
    "CountryOfOriginISO": "PH",
    "EcoscoreLabel": "D",
    "ShowAlcoholLegalMsg": true,
    "LongName": "DON PAPA Masskara Rum 40% 70cl",
    "RecentQuanityOfStockUnits": "1",
    "AlcoholVolume": "40",
    "FicCode": "E",
    "EcoscoreValue": "38"
  },
  {
    "technicalArticleNumber": "4653959",
    "commercialArticleNumber": "20559",
    "gtin": [
      "05000281016306",
      "05000281016283",
      "05000281016290"
    ],
    "productId": "820342",
    "name": "12Y Single Malt whisky",
    "description": "*Whisky Single Malt\n*\u00c9cosse",
    "brand": "CAOL ILA",
    "seoBrand": "Caol Ila",
    "thumbNail": "https://static.colruytgroup.com/images/200x200/std.lang.all/81/45/asset-3818145.jpg",
    "fullImage": "https://static.colruytgroup.com/images/500x500/std.lang.all/81/45/asset-3818145.jpg",
    "squareImage": "https://static.colruytgroup.com/images/500x500sq/std.lang.all/81/45/asset-3818145.jpg",
    "content": "70cl",
    "price": {
      "basicPrice": 46.99,
      "recommendedQuantity": "1.0",
      "measurementUnitPrice": 67.13,
      "measurementUnit": "L",
      "isRedPrice": true,
      "redPriceReason": "Promo",
      "referencePrice": 49.99,
      "retentionPeriod": 30,
      "pricePerUOM": 67.13,
      "activationDate": "04-06-2025",
      "isPromoActive": "Y",
      "priceChangeCode": "L",
      "priceReason": "Promo"
    },
    "isPriceAvailable": true,
    "channelAvailability": [
      "8_BE_STORE",
      "8_LU_STORE",
      "8_BE_COLLECT_NEXT_DAY",
      "8_BE_HOME_DELIVERY_DRIVER"
    ],
    "businessDomain": "RETAIL_BE",
    "walkRouteSequenceNumber": 842,
    "isAvailable": true,
    "inPromo": false,
    "topCategoryName": "Boissons",
    "topCategoryId": "354",
    "categories": [
      {
        "name": "Boissons",
        "id": "354",
        "children": [
          {
            "name": "Alcools/Spiritueux",
            "id": "412",
            "children": [
              {
                "name": "Whisky",
                "id": "413"
              }
            ]
          }
        ]
      }
    ],
    "IsPrivateLabel": false,
    "amount": 0.7,
    "IsBiffe": false,
    "WeightconversionFactor": "0",
    "IsWeightArticle": false,
    "IsBio": false,
    "CountryOfOrigin": "ROYAUME-UNI",
    "IsExclusivelySoldInLuxembourg": false,
    "OrderUnit": "P",
    "ShortName": "/CAOL ILA 12Y 70CL",
    "AlcoholDisclaimermsg": true,
    "IsNew": false,
    "amountUnit": "kg",
    "CountryOfOriginISO": "GB",
    "EcoscoreLabel": "D",
    "ShowAlcoholLegalMsg": true,
    "LongName": "CAOL ILA 12Y Single Malt whisky 70cl",
    "RecentQuanityOfStockUnits": "1",
    "AlcoholVolume": "43",
    "FicCode": "E",
    "EcoscoreValue": "38"
  },
  {
    "technicalArticleNumber": "18700",
    "commercialArticleNumber": "18700",
    "gtin": [
      "05400141187038",
      "15400141187004",
      "15400141187035"
    ],
    "productId": "1355",
    "name": "alcool pur 96,0%vol",
    "description": "*Eau-de-vie\n*96,0 % vol",
    "thumbNail": "https://static.colruytgroup.com/images/200x200/std.lang.all/40/22/asset-334022.jpg",
    "fullImage": "https://static.colruytgroup.com/images/500x500/std.lang.all/40/22/asset-334022.jpg",
    "squareImage": "https://static.colruytgroup.com/images/500x500sq/std.lang.all/40/22/asset-334022.jpg",
    "content": "1L",
    "price": {
      "basicPrice": 48.49,
      "recommendedQuantity": "1.0",
      "measurementUnitPrice": 48.49,
      "measurementUnit": "L",
      "isRedPrice": false,
      "pricePerUOM": 48.49,
      "activationDate": "27-02-2025",
      "recordSource": "Offline",
      "isPromoActive": "N",
      "priceChangeCode": "H",
      "priceReason": "Reaction"
    },
    "isPriceAvailable": true,
    "channelAvailability": [
      "3_BE_STORE",
      "8_BE_STORE",
      "8_LU_STORE",
      "8_BE_COLLECT_NEXT_DAY",
      "8_BE_HOME_DELIVERY",
      "8_BE_HOME_DELIVERY_DRIVER"
    ],
    "businessDomain": "RETAIL_BE",
    "walkRouteSequenceNumber": 922,
    "isAvailable": true,
    "inPromo": false,
    "topCategoryName": "Boissons",
    "topCategoryId": "354",
    "categories": [
      {
        "name": "Boissons",
        "id": "354",
        "children": [
          {
            "name": "Alcools/Spiritueux",
            "id": "412",
            "children": [
              {
                "name": "Autres alcools",
                "id": "751"
              }
            ]
          }
        ]
      }
    ],
    "IsPrivateLabel": false,
    "amount": {
      "source": "1.0",
      "parsedValue": 1
    },
    "IsBiffe": false,
    "WeightconversionFactor": "0",
    "IsWeightArticle": false,
    "IsBio": false,
    "CountryOfOrigin": "BELGIQUE",
    "IsExclusivelySoldInLuxembourg": false,
    "OrderUnit": "P",
    "ShortName": "ALCOOL PUR 96% 1L",
    "AlcoholDisclaimermsg": true,
    "IsNew": false,
    "amountUnit": "kg",
    "CountryOfOriginISO": "BE",
    "EcoscoreLabel": "D",
    "ShowAlcoholLegalMsg": true,
    "LongName": "alcool pur 96,0%vol 1L",
    "RecentQuanityOfStockUnits": "1,6",
    "AlcoholVolume": "95.7",
    "FicCode": "I",
    "EcoscoreValue": "38"
  },
  {
    "technicalArticleNumber": "4424926",
    "commercialArticleNumber": "25951",
    "gtin": [
      "05000281005522",
      "05000281005416"
    ],
    "productId": "695564",
    "name": "whisky 10Y 45,8%",
    "description": "*Single malt whisky\n*\u00c9cosse\n*Rond, fum\u00e9 (tourb\u00e9)\n*10 ans de matur.",
    "brand": "TALISKER",
    "seoBrand": "Talisker",
    "thumbNail": "https://static.colruytgroup.com/images/200x200/std.lang.all/03/30/asset-3190330.jpg",
    "fullImage": "https://static.colruytgroup.com/images/500x500/std.lang.all/03/30/asset-3190330.jpg",
    "squareImage": "https://static.colruytgroup.com/images/500x500sq/std.lang.all/03/30/asset-3190330.jpg",
    "content": "70cl",
    "price": {
      "basicPrice": 48.95,
      "recommendedQuantity": "1.0",
      "measurementUnitPrice": 69.93,
      "measurementUnit": "L",
      "isRedPrice": false,
      "pricePerUOM": 69.93,
      "activationDate": "05-06-2025",
      "recordSource": "Online",
      "isPromoActive": "N",
      "priceChangeCode": "E",
      "priceReason": "Reaction"
    },
    "isPriceAvailable": true,
    "channelAvailability": [
      "8_BE_STORE",
      "8_LU_STORE",
      "8_BE_COLLECT_NEXT_DAY",
      "8_BE_HOME_DELIVERY_DRIVER"
    ],
    "businessDomain": "RETAIL_BE",
    "walkRouteSequenceNumber": 826,
    "isAvailable": true,
    "inPromo": false,
    "topCategoryName": "Boissons",
    "topCategoryId": "354",
    "categories": [
      {
        "name": "Boissons",
        "id": "354",
        "children": [
          {
            "name": "Alcools/Spiritueux",
            "id": "412",
            "children": [
              {
                "name": "Whisky",
                "id": "413"
              }
            ]
          }
        ]
      }
    ],
    "IsPrivateLabel": false,
    "amount": 0.7,
    "IsBiffe": false,
    "WeightconversionFactor": "0",
    "IsWeightArticle": false,
    "IsBio": false,
    "CountryOfOrigin": "ROYAUME-UNI",
    "IsExclusivelySoldInLuxembourg": false,
    "OrderUnit": "P",
    "ShortName": "TALI WHIS 10Y 45.8%70CL",
    "AlcoholDisclaimermsg": true,
    "IsNew": false,
    "amountUnit": "kg",
    "CountryOfOriginISO": "GB",
    "EcoscoreLabel": "C",
    "ShowAlcoholLegalMsg": true,
    "LongName": "TALISKER whisky 10Y 45,8% 70cl",
    "RecentQuanityOfStockUnits": "1",
    "AlcoholVolume": "45.8",
    "FicCode": "E",
    "EcoscoreValue": "51"
  },
  {
    "technicalArticleNumber": "3606651",
    "commercialArticleNumber": "12848",
    "gtin": [
      "03124480186867",
      "05410221205477",
      "03124480187437",
      "03124488187439",
      "05410221107160",
      "03124488199579"
    ],
    "productId": "249721",
    "name": "Mojito sans alcool",
    "description": "*Go\u00fbt: menthe\n*P\u00e9tillant",
    "brand": "SCHWEPPES",
    "seoBrand": "Schweppes",
    "thumbNail": "https://static.colruytgroup.com/images/200x200/std.lang.all/29/64/asset-3222964.jpg",
    "fullImage": "https://static.colruytgroup.com/images/500x500/std.lang.all/29/64/asset-3222964.jpg",
    "squareImage": "https://static.colruytgroup.com/images/500x500sq/std.lang.all/29/64/asset-3222964.jpg",
    "content": "33cl",
    "price": {
      "basicPrice": 1.05,
      "recommendedQuantity": "8.0",
      "quantityPrice": 1.01,
      "quantityPriceQuantity": "24.0",
      "measurementUnitPrice": 3.19,
      "measurementUnitQuantityPrice": 3.07,
      "measurementUnit": "L",
      "isRedPrice": false,
      "pricePerUOM": 3.19,
      "activationDate": "04-06-2025",
      "recordSource": "Online",
      "isPromoActive": "Y",
      "priceChangeCode": "E",
      "quantityPricePerUOM": 3.07,
      "quantityActivationDate": "04-06-2025",
      "quantityPriceChangeCode": "E",
      "priceReason": "Reaction"
    },
    "isPriceAvailable": true,
    "channelAvailability": [
      "3_BE_STORE",
      "8_BE_STORE",
      "8_LU_STORE",
      "8_BE_COLLECT_NEXT_DAY",
      "8_BE_HOME_DELIVERY",
      "8_BE_HOME_DELIVERY_DRIVER"
    ],
    "businessDomain": "RETAIL_BE",
    "walkRouteSequenceNumber": 4501,
    "isAvailable": true,
    "inPromo": true,
    "promotion": [
      {
        "techPromoId": "101208COLR",
        "promotionId": "101208",
        "promotionType": "3",
        "isPersonalized": "N",
        "publicationStartDate": "04-06-2025",
        "publicationEndDate": "17-06-2025",
        "topPromo": false
      }
    ],
    "topCategoryName": "Boissons",
    "topCategoryId": "354",
    "categories": [
      {
        "name": "Boissons",
        "id": "354",
        "children": [
          {
            "name": "Ap\u00e9ritifs",
            "id": "399",
            "children": [
              {
                "name": "Cocktails pr\u00e9par\u00e9s",
                "id": "407"
              }
            ]
          }
        ]
      }
    ],
    "IsPrivateLabel": false,
    "amount": 0.33,
    "IsBiffe": false,
    "WeightconversionFactor": "0",
    "IsWeightArticle": false,
    "nutriscoreLabel": "D",
    "IsBio": false,
    "CountryOfOrigin": "FRANCE",
    "IsExclusivelySoldInLuxembourg": false,
    "OrderUnit": "P",
    "ShortName": "SCHWEPPES MOJITO 33CL",
    "IsNew": false,
    "amountUnit": "kg",
    "CountryOfOriginISO": "FR",
    "LongName": "SCHWEPPES Mojito sans alcool 33cl",
    "RecentQuanityOfStockUnits": "8,24,1",
    "FicCode": "E"
  },
  {
    "technicalArticleNumber": "4891489",
    "commercialArticleNumber": "5543",
    "gtin": [
      "08715600248586",
      "08715600248579"
    ],
    "productId": "1267423",
    "name": "Mocktail Gin Tonic Flav.",
    "brand": "ROYAL CLUB",
    "seoBrand": "Royal Club",
    "thumbNail": "https://static.colruytgroup.com/images/200x200/std.lang.all/68/58/asset-3816858.jpg",
    "fullImage": "https://static.colruytgroup.com/images/500x500/std.lang.all/68/58/asset-3816858.jpg",
    "squareImage": "https://static.colruytgroup.com/images/500x500sq/std.lang.all/68/58/asset-3816858.jpg",
    "content": "25cl",
    "price": {
      "basicPrice": 1.19,
      "recommendedQuantity": "1.0",
      "quantityPrice": 1.14,
      "quantityPriceQuantity": "12.0",
      "measurementUnitPrice": 4.76,
      "measurementUnitQuantityPrice": 4.56,
      "measurementUnit": "L",
      "isRedPrice": false,
      "pricePerUOM": 4.76,
      "activationDate": "30-04-2025",
      "recordSource": "Offline",
      "isPromoActive": "N",
      "priceChangeCode": "E",
      "quantityPricePerUOM": 4.56,
      "quantityActivationDate": "30-04-2025",
      "quantityPriceChangeCode": "H",
      "priceReason": "Reaction"
    },
    "isPriceAvailable": true,
    "channelAvailability": [
      "8_BE_STORE",
      "8_BE_COLLECT_NEXT_DAY",
      "8_BE_HOME_DELIVERY",
      "8_BE_HOME_DELIVERY_DRIVER"
    ],
    "businessDomain": "RETAIL_BE",
    "walkRouteSequenceNumber": 7807,
    "isAvailable": true,
    "inPromo": false,
    "topCategoryName": "Boissons",
    "topCategoryId": "354",
    "categories": [
      {
        "name": "Boissons",
        "id": "354",
        "children": [
          {
            "name": "Ap\u00e9ritifs",
            "id": "399",
            "children": [
              {
                "name": "Ap\u00e9ritifs sans alcool",
                "id": "411"
              }
            ]
          }
        ]
      }
    ],
    "IsPrivateLabel": false,
    "amount": 0.25,
    "IsBiffe": false,
    "WeightconversionFactor": "0",
    "IsWeightArticle": false,
    "nutriscoreLabel": "C",
    "IsBio": false,
    "CountryOfOrigin": "PAYS-BAS",
    "IsExclusivelySoldInLuxembourg": false,
    "OrderUnit": "P",
    "ShortName": "BBQ ROCL MOCK.GIN-T25CL",
    "IsNew": false,
    "amountUnit": "kg",
    "CountryOfOriginISO": "NL",
    "servings": {
      "source": "1.0",
      "parsedValue": 1
    },
    "ShowAlcoholLegalMsg": false,
    "LongName": "ROYAL CLUB Mocktail Gin Tonic Flav. 25cl",
    "RecentQuanityOfStockUnits": "1",
    "AlcoholVolume": "0",
    "FicCode": "E"
  },
  {
    "technicalArticleNumber": "4891499",
    "commercialArticleNumber": "5557",
    "gtin": [
      "08715600248548",
      "08715600248531"
    ],
    "productId": "1267430",
    "name": "Mockt. Ginger Mule Flav.",
    "brand": "ROYAL CLUB",
    "seoBrand": "Royal Club",
    "thumbNail": "https://static.colruytgroup.com/images/200x200/std.lang.all/27/44/asset-3822744.jpg",
    "fullImage": "https://static.colruytgroup.com/images/500x500/std.lang.all/27/44/asset-3822744.jpg",
    "squareImage": "https://static.colruytgroup.com/images/500x500sq/std.lang.all/27/44/asset-3822744.jpg",
    "content": "25cl",
    "price": {
      "basicPrice": 1.19,
      "recommendedQuantity": "1.0",
      "quantityPrice": 1.14,
      "quantityPriceQuantity": "12.0",
      "measurementUnitPrice": 4.76,
      "measurementUnitQuantityPrice": 4.56,
      "measurementUnit": "L",
      "isRedPrice": false,
      "pricePerUOM": 4.76,
      "activationDate": "30-04-2025",
      "recordSource": "Offline",
      "isPromoActive": "N",
      "priceChangeCode": "E",
      "quantityPricePerUOM": 4.56,
      "quantityActivationDate": "30-04-2025",
      "quantityPriceChangeCode": "H",
      "priceReason": "Reaction"
    },
    "isPriceAvailable": true,
    "channelAvailability": [
      "8_BE_STORE",
      "8_BE_COLLECT_NEXT_DAY",
      "8_BE_HOME_DELIVERY_DRIVER"
    ],
    "businessDomain": "RETAIL_BE",
    "walkRouteSequenceNumber": 7809,
    "isAvailable": true,
    "inPromo": false,
    "topCategoryName": "Boissons",
    "topCategoryId": "354",
    "categories": [
      {
        "name": "Boissons",
        "id": "354",
        "children": [
          {
            "name": "Ap\u00e9ritifs",
            "id": "399",
            "children": [
              {
                "name": "Ap\u00e9ritifs sans alcool",
                "id": "411"
              }
            ]
          }
        ]
      }
    ],
    "IsPrivateLabel": false,
    "amount": 0.25,
    "IsBiffe": false,
    "WeightconversionFactor": "0",
    "IsWeightArticle": false,
    "nutriscoreLabel": "C",
    "IsBio": false,
    "CountryOfOrigin": "PAYS-BAS",
    "IsExclusivelySoldInLuxembourg": false,
    "OrderUnit": "P",
    "ShortName": "BBQ ROCL MOCK.GIN.MU25C",
    "IsNew": false,
    "amountUnit": "kg",
    "CountryOfOriginISO": "NL",
    "servings": {
      "source": "1.0",
      "parsedValue": 1
    },
    "ShowAlcoholLegalMsg": false,
    "LongName": "ROYAL CLUB Mockt. Ginger Mule Flav. 25cl",
    "RecentQuanityOfStockUnits": "1",
    "AlcoholVolume": "0",
    "FicCode": "E"
  },
  {
    "technicalArticleNumber": "3487590",
    "commercialArticleNumber": "14344",
    "gtin": [
      "05740700977411",
      "05740700977404",
      "05740700977398",
      "05740700992841",
      "05740700993701",
      "05740600987602"
    ],
    "productId": "219159",
    "name": "Apple Cider 4,5% can",
    "description": "*Cidre\n*4,5 % vol",
    "brand": "SOMERSBY",
    "seoBrand": "Somersby",
    "thumbNail": "https://static.colruytgroup.com/images/200x200/std.lang.all/28/51/asset-3832851.jpg",
    "fullImage": "https://static.colruytgroup.com/images/500x500/std.lang.all/28/51/asset-3832851.jpg",
    "squareImage": "https://static.colruytgroup.com/images/500x500sq/std.lang.all/28/51/asset-3832851.jpg",
    "content": "33cl",
    "price": {
      "basicPrice": 1.66,
      "recommendedQuantity": "6.0",
      "quantityPrice": 1.59,
      "quantityPriceQuantity": "24.0",
      "measurementUnitPrice": 5.04,
      "measurementUnitQuantityPrice": 4.82,
      "measurementUnit": "L",
      "isRedPrice": false,
      "pricePerUOM": 5.04,
      "activationDate": "04-06-2025",
      "recordSource": "Offline",
      "isPromoActive": "N",
      "priceChangeCode": "E",
      "quantityPricePerUOM": 4.82,
      "quantityActivationDate": "04-06-2025",
      "quantityPriceChangeCode": "E",
      "priceReason": "Reaction"
    },
    "isPriceAvailable": true,
    "channelAvailability": [
      "3_BE_STORE",
      "8_BE_STORE",
      "8_BE_COLLECT_NEXT_DAY",
      "8_BE_HOME_DELIVERY",
      "8_BE_HOME_DELIVERY_DRIVER"
    ],
    "businessDomain": "RETAIL_BE",
    "walkRouteSequenceNumber": 692,
    "isAvailable": true,
    "inPromo": false,
    "topCategoryName": "Boissons",
    "topCategoryId": "354",
    "categories": [
      {
        "name": "Boissons",
        "id": "354",
        "children": [
          {
            "name": "Ap\u00e9ritifs",
            "id": "399",
            "children": [
              {
                "name": "Cidres",
                "id": "409"
              }
            ]
          }
        ]
      }
    ],
    "IsPrivateLabel": false,
    "amount": 0.33,
    "IsBiffe": false,
    "WeightconversionFactor": "0",
    "IsWeightArticle": false,
    "IsBio": false,
    "CountryOfOrigin": "SU\u00c8DE",
    "IsExclusivelySoldInLuxembourg": false,
    "OrderUnit": "P",
    "ShortName": "SOMERSBY CIDRE POMM 33C",
    "AlcoholDisclaimermsg": true,
    "IsNew": false,
    "amountUnit": "kg",
    "CountryOfOriginISO": "SE",
    "EcoscoreLabel": "D",
    "ShowAlcoholLegalMsg": true,
    "LongName": "SOMERSBY Apple Cider 4,5% can 33cl",
    "RecentQuanityOfStockUnits": "1,6,1,24,6",
    "AlcoholVolume": "4.5",
    "FicCode": "E",
    "EcoscoreValue": "32"
  },
  {
    "technicalArticleNumber": "4700165",
    "commercialArticleNumber": "31031",
    "gtin": [
      "05410316997980",
      "05410316997997",
      "08711300999933",
      "08711300999728"
    ],
    "productId": "851988",
    "name": "Ice 4% canette",
    "description": "*Ap\u00e9ritif\n*\u00c0 base de vodka\n*Pr\u00eat \u00e0 l'emploi\n*4,0% vol",
    "brand": "SMIRNOFF",
    "seoBrand": "Smirnoff",
    "thumbNail": "https://static.colruytgroup.com/images/200x200/std.lang.all/74/04/asset-3197404.jpg",
    "fullImage": "https://static.colruytgroup.com/images/500x500/std.lang.all/74/04/asset-3197404.jpg",
    "squareImage": "https://static.colruytgroup.com/images/500x500sq/std.lang.all/74/04/asset-3197404.jpg",
    "content": "25cl",
    "price": {
      "basicPrice": 1.69,
      "recommendedQuantity": "1.0",
      "measurementUnitPrice": 6.76,
      "measurementUnit": "L",
      "isRedPrice": false,
      "pricePerUOM": 6.76,
      "activationDate": "04-06-2025",
      "recordSource": "Offline",
      "isPromoActive": "N",
      "priceChangeCode": "L",
      "priceReason": "Reaction"
    },
    "isPriceAvailable": true,
    "channelAvailability": [
      "8_BE_STORE",
      "8_BE_COLLECT_NEXT_DAY",
      "8_BE_HOME_DELIVERY_DRIVER"
    ],
    "businessDomain": "RETAIL_BE",
    "walkRouteSequenceNumber": 765,
    "isAvailable": true,
    "inPromo": false,
    "topCategoryName": "Boissons",
    "topCategoryId": "354",
    "categories": [
      {
        "name": "Boissons",
        "id": "354",
        "children": [
          {
            "name": "Ap\u00e9ritifs",
            "id": "399",
            "children": [
              {
                "name": "Cocktails pr\u00e9par\u00e9s",
                "id": "407"
              }
            ]
          }
        ]
      }
    ],
    "IsPrivateLabel": false,
    "amount": 0.25,
    "IsBiffe": false,
    "IsWeightArticle": false,
    "WeightconversionFactor": "0",
    "IsBio": false,
    "CountryOfOrigin": "ITALIE",
    "IsExclusivelySoldInLuxembourg": false,
    "OrderUnit": "P",
    "AlcoholDisclaimermsg": true,
    "ShortName": "SMIR ICE 4% BLIK 25CL",
    "IsNew": false,
    "amountUnit": "kg",
    "CountryOfOriginISO": "IT",
    "servings": {
      "source": "1.0",
      "parsedValue": 1
    },
    "EcoscoreLabel": "C",
    "ShowAlcoholLegalMsg": true,
    "LongName": "SMIRNOFF Ice 4% canette 25cl",
    "RecentQuanityOfStockUnits": "12,1",
    "AlcoholVolume": "4",
    "FicCode": "E",
    "EcoscoreValue": "50"
  },
  {
    "technicalArticleNumber": "3490786",
    "commercialArticleNumber": "40984",
    "gtin": [
      "05740700989537",
      "05740700989490",
      "05740700989506",
      "05740700977466",
      "05740700977442",
      "05740700977459"
    ],
    "productId": "224263",
    "name": "cidre Blackberry 4,5% can",
    "description": "*Cidre\n*4,5 % vol",
    "brand": "SOMERSBY",
    "seoBrand": "Somersby",
    "thumbNail": "https://static.colruytgroup.com/images/200x200/std.lang.all/26/52/asset-3832652.jpg",
    "fullImage": "https://static.colruytgroup.com/images/500x500/std.lang.all/26/52/asset-3832652.jpg",
    "squareImage": "https://static.colruytgroup.com/images/500x500sq/std.lang.all/26/52/asset-3832652.jpg",
    "content": "33cl",
    "price": {
      "basicPrice": 1.76,
      "recommendedQuantity": "6.0",
      "quantityPrice": 1.62,
      "quantityPriceQuantity": "24.0",
      "measurementUnitPrice": 5.34,
      "measurementUnitQuantityPrice": 4.91,
      "measurementUnit": "L",
      "isRedPrice": false,
      "pricePerUOM": 5.34,
      "activationDate": "04-06-2025",
      "recordSource": "Offline",
      "isPromoActive": "N",
      "priceChangeCode": "E",
      "quantityPricePerUOM": 4.91,
      "quantityActivationDate": "04-06-2025",
      "quantityPriceChangeCode": "E",
      "priceReason": "Reaction"
    },
    "isPriceAvailable": true,
    "channelAvailability": [
      "3_BE_STORE",
      "8_BE_STORE",
      "8_BE_COLLECT_NEXT_DAY",
      "8_BE_HOME_DELIVERY",
      "8_BE_HOME_DELIVERY_DRIVER"
    ],
    "businessDomain": "RETAIL_BE",
    "walkRouteSequenceNumber": 693,
    "isAvailable": true,
    "inPromo": false,
    "topCategoryName": "Boissons",
    "topCategoryId": "354",
    "categories": [
      {
        "name": "Boissons",
        "id": "354",
        "children": [
          {
            "name": "Ap\u00e9ritifs",
            "id": "399",
            "children": [
              {
                "name": "Cidres",
                "id": "409"
              }
            ]
          }
        ]
      }
    ],
    "IsPrivateLabel": false,
    "amount": 0.33,
    "IsBiffe": false,
    "WeightconversionFactor": "0",
    "IsWeightArticle": false,
    "IsBio": false,
    "CountryOfOrigin": "DANEMARK",
    "IsExclusivelySoldInLuxembourg": false,
    "OrderUnit": "P",
    "ShortName": "SOMERSBY BLACKB. BLIK33",
    "AlcoholDisclaimermsg": true,
    "IsNew": false,
    "amountUnit": "kg",
    "CountryOfOriginISO": "DK",
    "EcoscoreLabel": "D",
    "ShowAlcoholLegalMsg": true,
    "LongName": "SOMERSBY cidre Blackberry 4,5% can 33cl",
    "RecentQuanityOfStockUnits": "1,1,6,6,24,24",
    "AlcoholVolume": "4.5",
    "FicCode": "E",
    "EcoscoreValue": "32"
  },
  {
    "technicalArticleNumber": "3735249",
    "commercialArticleNumber": "41645",
    "gtin": [
      "05010677801829",
      "05010677801836",
      "05010677801843",
      "05010677801034",
      "07610113020005",
      "07610113020050",
      "05010677801867"
    ],
    "productId": "313077",
    "name": "Red Flash 5% can",
    "description": "*Vodka based\n*Ready to drink\n*5 % vol",
    "brand": "ERISTOFF",
    "seoBrand": "Eristoff",
    "thumbNail": "https://static.colruytgroup.com/images/200x200/std.lang.all/30/71/asset-2943071.jpg",
    "fullImage": "https://static.colruytgroup.com/images/500x500/std.lang.all/30/71/asset-2943071.jpg",
    "squareImage": "https://static.colruytgroup.com/images/500x500sq/std.lang.all/30/71/asset-2943071.jpg",
    "content": "25cl",
    "price": {
      "basicPrice": 1.89,
      "recommendedQuantity": "1.0",
      "measurementUnitPrice": 7.56,
      "measurementUnit": "L",
      "isRedPrice": false,
      "pricePerUOM": 7.56,
      "activationDate": "24-05-2025",
      "recordSource": "Offline",
      "isPromoActive": "N",
      "priceChangeCode": "L",
      "priceReason": "Reaction"
    },
    "isPriceAvailable": true,
    "channelAvailability": [
      "3_BE_STORE",
      "8_BE_STORE",
      "8_BE_COLLECT_NEXT_DAY",
      "8_BE_HOME_DELIVERY",
      "8_BE_HOME_DELIVERY_DRIVER"
    ],
    "businessDomain": "RETAIL_BE",
    "walkRouteSequenceNumber": 778,
    "isAvailable": true,
    "inPromo": false,
    "topCategoryName": "Boissons",
    "topCategoryId": "354",
    "categories": [
      {
        "name": "Boissons",
        "id": "354",
        "children": [
          {
            "name": "Ap\u00e9ritifs",
            "id": "399",
            "children": [
              {
                "name": "Cocktails pr\u00e9par\u00e9s",
                "id": "407"
              }
            ]
          }
        ]
      }
    ],
    "IsPrivateLabel": false,
    "amount": 0.25,
    "IsBiffe": false,
    "WeightconversionFactor": "0",
    "IsWeightArticle": false,
    "IsBio": false,
    "CountryOfOrigin": "ALLEMAGNE",
    "IsExclusivelySoldInLuxembourg": false,
    "OrderUnit": "P",
    "ShortName": "ERIS RED FLASH 5% 25CL",
    "AlcoholDisclaimermsg": true,
    "IsNew": false,
    "amountUnit": "kg",
    "CountryOfOriginISO": "DE",
    "EcoscoreLabel": "D",
    "ShowAlcoholLegalMsg": true,
    "LongName": "ERISTOFF Red Flash 5% can 25cl",
    "RecentQuanityOfStockUnits": "24,1",
    "AlcoholVolume": "5",
    "FicCode": "E",
    "EcoscoreValue": "38"
  },
  {
    "technicalArticleNumber": "3741465",
    "commercialArticleNumber": "16365",
    "gtin": [
      "08710562005338",
      "05010677780056",
      "08710562005321",
      "05010677783491",
      "05010677780063",
      "05010677783484",
      "07640330380019",
      "07640330380002"
    ],
    "productId": "341147",
    "name": "whisky & cola 5%",
    "description": "*Ready to drink\n*5,0 % vol",
    "brand": "WILLIAM LAWSON'S",
    "seoBrand": "William Lawson's",
    "thumbNail": "https://static.colruytgroup.com/images/200x200/std.lang.all/30/72/asset-2943072.jpg",
    "fullImage": "https://static.colruytgroup.com/images/500x500/std.lang.all/30/72/asset-2943072.jpg",
    "squareImage": "https://static.colruytgroup.com/images/500x500sq/std.lang.all/30/72/asset-2943072.jpg",
    "content": "25cl",
    "price": {
      "basicPrice": 1.89,
      "recommendedQuantity": "1.0",
      "measurementUnitPrice": 7.56,
      "measurementUnit": "L",
      "isRedPrice": false,
      "pricePerUOM": 7.56,
      "activationDate": "22-05-2025",
      "recordSource": "Offline",
      "isPromoActive": "N",
      "priceChangeCode": "E",
      "priceReason": "Reaction"
    },
    "isPriceAvailable": true,
    "channelAvailability": [
      "3_BE_STORE",
      "8_BE_STORE",
      "8_BE_COLLECT_NEXT_DAY",
      "8_BE_HOME_DELIVERY_DRIVER"
    ],
    "businessDomain": "RETAIL_BE",
    "walkRouteSequenceNumber": 769,
    "isAvailable": true,
    "inPromo": false,
    "topCategoryName": "Boissons",
    "topCategoryId": "354",
    "categories": [
      {
        "name": "Boissons",
        "id": "354",
        "children": [
          {
            "name": "Ap\u00e9ritifs",
            "id": "399",
            "children": [
              {
                "name": "Cocktails pr\u00e9par\u00e9s",
                "id": "407"
              }
            ]
          }
        ]
      }
    ],
    "IsPrivateLabel": false,
    "amount": 0.25,
    "IsBiffe": false,
    "WeightconversionFactor": "0",
    "IsWeightArticle": false,
    "IsBio": false,
    "CountryOfOrigin": "ALLEMAGNE",
    "IsExclusivelySoldInLuxembourg": false,
    "OrderUnit": "P",
    "ShortName": "WLAW WHISKY COLA 5% 25C",
    "AlcoholDisclaimermsg": true,
    "IsNew": false,
    "amountUnit": "kg",
    "CountryOfOriginISO": "DE",
    "EcoscoreLabel": "C",
    "ShowAlcoholLegalMsg": true,
    "LongName": "WILLIAM LAWSON'S whisky & cola 5% 25cl",
    "RecentQuanityOfStockUnits": "1,24",
    "AlcoholVolume": "5",
    "FicCode": "E",
    "EcoscoreValue": "45"
  },
  {
    "technicalArticleNumber": "3211980",
    "commercialArticleNumber": "26140",
    "gtin": [
      "05000281045436",
      "05000281045412",
      "05000281038445",
      "08711300999889",
      "08711300999612",
      "08711300999605",
      "08711300999629"
    ],
    "productId": "126309",
    "name": "Spiced Gold&Cola 5%",
    "description": "*Ready to drink\n*Pr\u00eat \u00e0 l'emploi\n*5,0 % vol",
    "brand": "CAPTAIN MORGAN",
    "seoBrand": "Captain Morgan",
    "thumbNail": "https://static.colruytgroup.com/images/200x200/std.lang.all/69/77/asset-386977.jpg",
    "fullImage": "https://static.colruytgroup.com/images/500x500/std.lang.all/69/77/asset-386977.jpg",
    "squareImage": "https://static.colruytgroup.com/images/500x500sq/std.lang.all/69/77/asset-386977.jpg",
    "content": "25cl",
    "price": {
      "basicPrice": 1.99,
      "recommendedQuantity": "1.0",
      "measurementUnitPrice": 7.96,
      "measurementUnit": "L",
      "isRedPrice": false,
      "pricePerUOM": 7.96,
      "activationDate": "04-06-2025",
      "recordSource": "Offline",
      "isPromoActive": "N",
      "priceChangeCode": "E",
      "priceReason": "Reaction"
    },
    "isPriceAvailable": true,
    "channelAvailability": [
      "3_BE_STORE",
      "8_BE_STORE",
      "8_BE_COLLECT_NEXT_DAY",
      "8_BE_HOME_DELIVERY_DRIVER"
    ],
    "businessDomain": "RETAIL_BE",
    "walkRouteSequenceNumber": 773,
    "isAvailable": true,
    "inPromo": false,
    "topCategoryName": "Boissons",
    "topCategoryId": "354",
    "categories": [
      {
        "name": "Boissons",
        "id": "354",
        "children": [
          {
            "name": "Ap\u00e9ritifs",
            "id": "399",
            "children": [
              {
                "name": "Cocktails pr\u00e9par\u00e9s",
                "id": "407"
              }
            ]
          }
        ]
      }
    ],
    "IsPrivateLabel": false,
    "amount": 0.25,
    "IsBiffe": false,
    "WeightconversionFactor": "0",
    "IsWeightArticle": false,
    "IsBio": false,
    "CountryOfOrigin": "ITALIE",
    "IsExclusivelySoldInLuxembourg": false,
    "OrderUnit": "P",
    "ShortName": "CAMO GOLD+COLA 5% 25CL",
    "AlcoholDisclaimermsg": true,
    "IsNew": false,
    "amountUnit": "kg",
    "CountryOfOriginISO": "IT",
    "EcoscoreLabel": "C",
    "ShowAlcoholLegalMsg": true,
    "LongName": "CAPTAIN MORGAN Spiced Gold&Cola 5% 25cl",
    "RecentQuanityOfStockUnits": "4,1,12,24",
    "AlcoholVolume": "5",
    "FicCode": "E",
    "EcoscoreValue": "49"
  },
  {
    "technicalArticleNumber": "3873555",
    "commercialArticleNumber": "42377",
    "gtin": [
      "08711300999650",
      "08711300999919",
      "05000289929936",
      "05000289929943"
    ],
    "productId": "356877",
    "name": "Pink Gin & Tonic 6,4% can",
    "description": "*Ready to drink\n*Pr\u00eat \u00e0 l'emploi\n*6,4% vol",
    "brand": "GORDON'S",
    "seoBrand": "Gordon's",
    "thumbNail": "https://static.colruytgroup.com/images/200x200/std.lang.all/04/72/asset-1510472.jpg",
    "fullImage": "https://static.colruytgroup.com/images/500x500/std.lang.all/04/72/asset-1510472.jpg",
    "squareImage": "https://static.colruytgroup.com/images/500x500sq/std.lang.all/04/72/asset-1510472.jpg",
    "content": "25cl",
    "price": {
      "basicPrice": 1.99,
      "recommendedQuantity": "1.0",
      "measurementUnitPrice": 7.96,
      "measurementUnit": "L",
      "isRedPrice": false,
      "pricePerUOM": 7.96,
      "activationDate": "04-06-2025",
      "recordSource": "Offline",
      "isPromoActive": "N",
      "priceChangeCode": "E",
      "priceReason": "Reaction"
    },
    "isPriceAvailable": true,
    "channelAvailability": [
      "8_BE_STORE",
      "8_BE_COLLECT_NEXT_DAY",
      "8_BE_HOME_DELIVERY_DRIVER"
    ],
    "businessDomain": "RETAIL_BE",
    "walkRouteSequenceNumber": 775,
    "isAvailable": true,
    "inPromo": false,
    "topCategoryName": "Boissons",
    "topCategoryId": "354",
    "categories": [
      {
        "name": "Boissons",
        "id": "354",
        "children": [
          {
            "name": "Ap\u00e9ritifs",
            "id": "399",
            "children": [
              {
                "name": "Cocktails pr\u00e9par\u00e9s",
                "id": "407"
              }
            ]
          }
        ]
      }
    ],
    "IsPrivateLabel": false,
    "amount": 0.25,
    "IsBiffe": false,
    "WeightconversionFactor": "0",
    "IsWeightArticle": false,
    "IsBio": false,
    "CountryOfOrigin": "ITALIE",
    "IsExclusivelySoldInLuxembourg": false,
    "OrderUnit": "P",
    "ShortName": "GORD PINK&TONIC CA 25CL",
    "AlcoholDisclaimermsg": true,
    "IsNew": false,
    "amountUnit": "kg",
    "CountryOfOriginISO": "IT",
    "EcoscoreLabel": "D",
    "ShowAlcoholLegalMsg": true,
    "LongName": "GORDON'S Pink Gin & Tonic 6,4% can 25cl",
    "RecentQuanityOfStockUnits": "12,1",
    "AlcoholVolume": "6.4",
    "FicCode": "E",
    "EcoscoreValue": "38"
  },
  {
    "technicalArticleNumber": "4697129",
    "commercialArticleNumber": "30815",
    "gtin": [
      "08717953274779",
      "18717953274776"
    ],
    "productId": "849779",
    "name": "Spritz Alcohol Free",
    "description": "*Ap\u00e9ritif\n*Sans alcool",
    "brand": "SIR JAMES 101",
    "seoBrand": "Sir James 101",
    "thumbNail": "https://static.colruytgroup.com/images/200x200/std.lang.all/92/16/asset-3029216.jpg",
    "fullImage": "https://static.colruytgroup.com/images/500x500/std.lang.all/92/16/asset-3029216.jpg",
    "squareImage": "https://static.colruytgroup.com/images/500x500sq/std.lang.all/92/16/asset-3029216.jpg",
    "content": "25cl",
    "price": {
      "basicPrice": 1.99,
      "recommendedQuantity": "1.0",
      "measurementUnitPrice": 7.96,
      "measurementUnit": "L",
      "isRedPrice": false,
      "pricePerUOM": 7.96,
      "activationDate": "04-06-2025",
      "recordSource": "Online",
      "isPromoActive": "N",
      "priceChangeCode": "E",
      "priceReason": "Reaction"
    },
    "isPriceAvailable": true,
    "channelAvailability": [
      "8_BE_STORE",
      "8_LU_STORE",
      "8_BE_COLLECT_NEXT_DAY",
      "8_BE_HOME_DELIVERY",
      "8_BE_HOME_DELIVERY_DRIVER"
    ],
    "businessDomain": "RETAIL_BE",
    "walkRouteSequenceNumber": 615,
    "isAvailable": true,
    "inPromo": true,
    "promotion": [
      {
        "techPromoId": "101279COLR",
        "promotionId": "101279",
        "promotionType": "3",
        "isPersonalized": "N",
        "publicationStartDate": "04-06-2025",
        "publicationEndDate": "17-06-2025",
        "topPromo": false
      }
    ],
    "topCategoryName": "Boissons",
    "topCategoryId": "354",
    "categories": [
      {
        "name": "Boissons",
        "id": "354",
        "children": [
          {
            "name": "Ap\u00e9ritifs",
            "id": "399",
            "children": [
              {
                "name": "Ap\u00e9ritifs sans alcool",
                "id": "411"
              }
            ]
          }
        ]
      }
    ],
    "IsPrivateLabel": false,
    "amount": 0.25,
    "IsBiffe": false,
    "WeightconversionFactor": "0",
    "IsWeightArticle": false,
    "nutriscoreLabel": "E",
    "IsBio": false,
    "CountryOfOrigin": "PAYS-BAS",
    "IsExclusivelySoldInLuxembourg": false,
    "OrderUnit": "P",
    "ShortName": "SJ 101 SPRITZ 0% 25CL",
    "IsNew": false,
    "amountUnit": "kg",
    "CountryOfOriginISO": "NL",
    "LongName": "SIR JAMES 101 Spritz Alcohol Free 25cl",
    "RecentQuanityOfStockUnits": "1,12",
    "FicCode": "E"
  },
  {
    "technicalArticleNumber": "4562981",
    "commercialArticleNumber": "28506",
    "gtin": [
      "18719327468415",
      "08719327468418"
    ],
    "productId": "773870",
    "name": "Pink G&T 0%",
    "description": "*Ap\u00e9ritif\n*Sans alcool",
    "brand": "SIR JAMES 101",
    "seoBrand": "Sir James 101",
    "thumbNail": "https://static.colruytgroup.com/images/200x200/std.lang.all/77/48/asset-2987748.jpg",
    "fullImage": "https://static.colruytgroup.com/images/500x500/std.lang.all/77/48/asset-2987748.jpg",
    "squareImage": "https://static.colruytgroup.com/images/500x500sq/std.lang.all/77/48/asset-2987748.jpg",
    "content": "25cl",
    "price": {
      "basicPrice": 1.99,
      "recommendedQuantity": "1.0",
      "measurementUnitPrice": 7.96,
      "measurementUnit": "L",
      "isRedPrice": false,
      "pricePerUOM": 7.96,
      "activationDate": "04-06-2025",
      "isPromoActive": "N",
      "priceChangeCode": "E",
      "priceReason": "Market"
    },
    "isPriceAvailable": true,
    "channelAvailability": [
      "3_BE_STORE",
      "8_BE_STORE",
      "8_LU_STORE",
      "8_BE_COLLECT_NEXT_DAY",
      "8_BE_HOME_DELIVERY",
      "8_BE_HOME_DELIVERY_DRIVER"
    ],
    "businessDomain": "RETAIL_BE",
    "walkRouteSequenceNumber": 618,
    "isAvailable": true,
    "inPromo": true,
    "promotion": [
      {
        "techPromoId": "101279COLR",
        "promotionId": "101279",
        "promotionType": "3",
        "isPersonalized": "N",
        "publicationStartDate": "04-06-2025",
        "publicationEndDate": "17-06-2025",
        "topPromo": false
      }
    ],
    "topCategoryName": "Boissons",
    "topCategoryId": "354",
    "categories": [
      {
        "name": "Boissons",
        "id": "354",
        "children": [
          {
            "name": "Ap\u00e9ritifs",
            "id": "399",
            "children": [
              {
                "name": "Ap\u00e9ritifs sans alcool",
                "id": "411"
              }
            ]
          }
        ]
      }
    ],
    "IsPrivateLabel": false,
    "amount": 0.25,
    "IsBiffe": false,
    "WeightconversionFactor": "0",
    "IsWeightArticle": false,
    "nutriscoreLabel": "E",
    "IsBio": false,
    "CountryOfOrigin": "PAYS-BAS",
    "IsExclusivelySoldInLuxembourg": false,
    "OrderUnit": "P",
    "ShortName": "SJ101 PINK GIN&TON0%25C",
    "IsNew": false,
    "amountUnit": "kg",
    "CountryOfOriginISO": "NL",
    "LongName": "SIR JAMES 101 Pink G&T 0% 25cl",
    "RecentQuanityOfStockUnits": "12,1",
    "FicCode": "E"
  },
  {
    "technicalArticleNumber": "4463765",
    "commercialArticleNumber": "26754",
    "gtin": [
      "18717953274745",
      "08717953274748"
    ],
    "productId": "717064",
    "name": "G&T 0%",
    "description": "*Ap\u00e9ritif\n*Sans alcool",
    "brand": "SIR JAMES 101",
    "seoBrand": "Sir James 101",
    "thumbNail": "https://static.colruytgroup.com/images/200x200/std.lang.all/21/30/asset-2992130.jpg",
    "fullImage": "https://static.colruytgroup.com/images/500x500/std.lang.all/21/30/asset-2992130.jpg",
    "squareImage": "https://static.colruytgroup.com/images/500x500sq/std.lang.all/21/30/asset-2992130.jpg",
    "content": "25cl",
    "price": {
      "basicPrice": 1.99,
      "recommendedQuantity": "1.0",
      "measurementUnitPrice": 7.96,
      "measurementUnit": "L",
      "isRedPrice": false,
      "pricePerUOM": 7.96,
      "activationDate": "04-06-2025",
      "isPromoActive": "N",
      "priceChangeCode": "E",
      "priceReason": "Market"
    },
    "isPriceAvailable": true,
    "channelAvailability": [
      "8_BE_STORE",
      "8_LU_STORE",
      "8_BE_COLLECT_NEXT_DAY",
      "8_BE_HOME_DELIVERY",
      "8_BE_HOME_DELIVERY_DRIVER"
    ],
    "businessDomain": "RETAIL_BE",
    "walkRouteSequenceNumber": 617,
    "isAvailable": true,
    "inPromo": true,
    "promotion": [
      {
        "techPromoId": "101279COLR",
        "promotionId": "101279",
        "promotionType": "3",
        "isPersonalized": "N",
        "publicationStartDate": "04-06-2025",
        "publicationEndDate": "17-06-2025",
        "topPromo": false
      }
    ],
    "topCategoryName": "Boissons",
    "topCategoryId": "354",
    "categories": [
      {
        "name": "Boissons",
        "id": "354",
        "children": [
          {
            "name": "Ap\u00e9ritifs",
            "id": "399",
            "children": [
              {
                "name": "Ap\u00e9ritifs sans alcool",
                "id": "411"
              }
            ]
          }
        ]
      }
    ],
    "IsPrivateLabel": false,
    "amount": 0.25,
    "IsBiffe": false,
    "WeightconversionFactor": "0",
    "IsWeightArticle": false,
    "nutriscoreLabel": "E",
    "IsBio": false,
    "CountryOfOrigin": "PAYS-BAS",
    "IsExclusivelySoldInLuxembourg": false,
    "OrderUnit": "P",
    "ShortName": "SJ101 GIN&TONIC 0% 25CL",
    "IsNew": false,
    "amountUnit": "kg",
    "CountryOfOriginISO": "NL",
    "LongName": "SIR JAMES 101 G&T 0% 25cl",
    "RecentQuanityOfStockUnits": "1,12",
    "FicCode": "E"
  },
  {
    "technicalArticleNumber": "4463775",
    "commercialArticleNumber": "26757",
    "gtin": [
      "18717953274752",
      "08717953274755"
    ],
    "productId": "717074",
    "name": "Mojito 0%",
    "description": "*Ap\u00e9ritif\n*Sans alcool",
    "brand": "SIR JAMES 101",
    "seoBrand": "Sir James 101",
    "thumbNail": "https://static.colruytgroup.com/images/200x200/std.lang.all/77/73/asset-2987773.jpg",
    "fullImage": "https://static.colruytgroup.com/images/500x500/std.lang.all/77/73/asset-2987773.jpg",
    "squareImage": "https://static.colruytgroup.com/images/500x500sq/std.lang.all/77/73/asset-2987773.jpg",
    "content": "25cl",
    "price": {
      "basicPrice": 1.99,
      "recommendedQuantity": "1.0",
      "measurementUnitPrice": 7.96,
      "measurementUnit": "L",
      "isRedPrice": false,
      "pricePerUOM": 7.96,
      "activationDate": "04-06-2025",
      "isPromoActive": "Y",
      "priceChangeCode": "E",
      "priceReason": "Market"
    },
    "isPriceAvailable": true,
    "channelAvailability": [
      "3_BE_STORE",
      "8_BE_STORE",
      "8_LU_STORE",
      "8_BE_COLLECT_NEXT_DAY",
      "8_BE_HOME_DELIVERY",
      "8_BE_HOME_DELIVERY_DRIVER"
    ],
    "businessDomain": "RETAIL_BE",
    "walkRouteSequenceNumber": 616,
    "isAvailable": true,
    "inPromo": true,
    "promotion": [
      {
        "techPromoId": "101279COLR",
        "promotionId": "101279",
        "promotionType": "3",
        "isPersonalized": "N",
        "publicationStartDate": "04-06-2025",
        "publicationEndDate": "17-06-2025",
        "topPromo": false
      }
    ],
    "topCategoryName": "Boissons",
    "topCategoryId": "354",
    "categories": [
      {
        "name": "Boissons",
        "id": "354",
        "children": [
          {
            "name": "Ap\u00e9ritifs",
            "id": "399",
            "children": [
              {
                "name": "Ap\u00e9ritifs sans alcool",
                "id": "411"
              }
            ]
          }
        ]
      }
    ],
    "IsPrivateLabel": false,
    "amount": 0.25,
    "IsBiffe": false,
    "WeightconversionFactor": "0",
    "IsWeightArticle": false,
    "nutriscoreLabel": "E",
    "IsBio": false,
    "CountryOfOrigin": "PAYS-BAS",
    "IsExclusivelySoldInLuxembourg": false,
    "OrderUnit": "P",
    "ShortName": "SJ 101 MOJITO 0% 25CL",
    "IsNew": false,
    "amountUnit": "kg",
    "CountryOfOriginISO": "NL",
    "LongName": "SIR JAMES 101 Mojito 0% 25cl",
    "RecentQuanityOfStockUnits": "1,12",
    "FicCode": "E"
  },
  {
    "technicalArticleNumber": "4807551",
    "commercialArticleNumber": "17081",
    "gtin": [
      "08720892260222",
      "18720892260236",
      "08720892260239"
    ],
    "productId": "1075912",
    "name": "Ginger Mule 0%",
    "description": "*Ap\u00e9ritif\n*Sans alcool",
    "brand": "SIR JAMES 101",
    "seoBrand": "Sir James 101",
    "thumbNail": "https://static.colruytgroup.com/images/200x200/std.lang.all/74/78/asset-3497478.jpg",
    "fullImage": "https://static.colruytgroup.com/images/500x500/std.lang.all/74/78/asset-3497478.jpg",
    "squareImage": "https://static.colruytgroup.com/images/500x500sq/std.lang.all/74/78/asset-3497478.jpg",
    "content": "25cl",
    "price": {
      "basicPrice": 1.99,
      "recommendedQuantity": "1.0",
      "measurementUnitPrice": 7.96,
      "measurementUnit": "L",
      "isRedPrice": false,
      "pricePerUOM": 7.96,
      "activationDate": "04-06-2025",
      "isPromoActive": "N",
      "priceChangeCode": "E",
      "priceReason": "Market"
    },
    "isPriceAvailable": true,
    "channelAvailability": [
      "3_BE_STORE",
      "8_BE_STORE",
      "8_LU_STORE",
      "8_BE_COLLECT_NEXT_DAY",
      "8_BE_HOME_DELIVERY",
      "8_BE_HOME_DELIVERY_DRIVER"
    ],
    "businessDomain": "RETAIL_BE",
    "walkRouteSequenceNumber": 620,
    "isAvailable": true,
    "inPromo": true,
    "promotion": [
      {
        "techPromoId": "101279COLR",
        "promotionId": "101279",
        "promotionType": "3",
        "isPersonalized": "N",
        "publicationStartDate": "04-06-2025",
        "publicationEndDate": "17-06-2025",
        "topPromo": false
      }
    ],
    "topCategoryName": "Boissons",
    "topCategoryId": "354",
    "categories": [
      {
        "name": "Boissons",
        "id": "354",
        "children": [
          {
            "name": "Ap\u00e9ritifs",
            "id": "399",
            "children": [
              {
                "name": "Ap\u00e9ritifs sans alcool",
                "id": "411"
              }
            ]
          }
        ]
      }
    ],
    "IsPrivateLabel": false,
    "amount": 0.25,
    "IsBiffe": false,
    "WeightconversionFactor": "0",
    "IsWeightArticle": false,
    "nutriscoreLabel": "E",
    "IsBio": false,
    "CountryOfOrigin": "PAYS-BAS",
    "IsExclusivelySoldInLuxembourg": false,
    "OrderUnit": "P",
    "ShortName": "SJ101 GINGER MULE0%25CL",
    "IsNew": false,
    "amountUnit": "kg",
    "CountryOfOriginISO": "NL",
    "LongName": "SIR JAMES 101 Ginger Mule 0% 25cl",
    "RecentQuanityOfStockUnits": "1,12,1",
    "FicCode": "E"
  },
  {
    "technicalArticleNumber": "4807554",
    "commercialArticleNumber": "17175",
    "gtin": [
      "08720892260215",
      "18720892260212"
    ],
    "productId": "1075914",
    "name": "Passionfr. Martini 0%",
    "description": "*Ap\u00e9ritif\n*Sans alcool",
    "brand": "SIR JAMES 101",
    "seoBrand": "Sir James 101",
    "thumbNail": "https://static.colruytgroup.com/images/200x200/std.lang.all/72/44/asset-3497244.jpg",
    "fullImage": "https://static.colruytgroup.com/images/500x500/std.lang.all/72/44/asset-3497244.jpg",
    "squareImage": "https://static.colruytgroup.com/images/500x500sq/std.lang.all/72/44/asset-3497244.jpg",
    "content": "25cl",
    "price": {
      "basicPrice": 1.99,
      "recommendedQuantity": "1.0",
      "measurementUnitPrice": 7.96,
      "measurementUnit": "L",
      "isRedPrice": false,
      "pricePerUOM": 7.96,
      "activationDate": "04-06-2025",
      "recordSource": "Online",
      "isPromoActive": "N",
      "priceChangeCode": "E",
      "priceReason": "Reaction"
    },
    "isPriceAvailable": true,
    "channelAvailability": [
      "3_BE_STORE",
      "8_BE_STORE",
      "8_LU_STORE",
      "8_BE_COLLECT_NEXT_DAY",
      "8_BE_HOME_DELIVERY",
      "8_BE_HOME_DELIVERY_DRIVER"
    ],
    "businessDomain": "RETAIL_BE",
    "walkRouteSequenceNumber": 619,
    "isAvailable": true,
    "inPromo": true,
    "promotion": [
      {
        "techPromoId": "101279COLR",
        "promotionId": "101279",
        "promotionType": "3",
        "isPersonalized": "N",
        "publicationStartDate": "04-06-2025",
        "publicationEndDate": "17-06-2025",
        "topPromo": false
      }
    ],
    "topCategoryName": "Boissons",
    "topCategoryId": "354",
    "categories": [
      {
        "name": "Boissons",
        "id": "354",
        "children": [
          {
            "name": "Ap\u00e9ritifs",
            "id": "399",
            "children": [
              {
                "name": "Ap\u00e9ritifs sans alcool",
                "id": "411"
              }
            ]
          }
        ]
      }
    ],
    "IsPrivateLabel": false,
    "amount": 0.25,
    "IsBiffe": false,
    "WeightconversionFactor": "0",
    "IsWeightArticle": false,
    "nutriscoreLabel": "E",
    "IsBio": false,
    "CountryOfOrigin": "PAYS-BAS",
    "IsExclusivelySoldInLuxembourg": false,
    "OrderUnit": "P",
    "ShortName": "SJ101 PASS.MARTINI0%25C",
    "IsNew": false,
    "amountUnit": "kg",
    "CountryOfOriginISO": "NL",
    "LongName": "SIR JAMES 101 Passionfr. Martini 0% 25cl",
    "RecentQuanityOfStockUnits": "12,1",
    "FicCode": "E"
  },
  {
    "technicalArticleNumber": "2227277",
    "commercialArticleNumber": "4256",
    "gtin": [
      "08711300999674",
      "05000289928526",
      "05000289928496",
      "05000289925051",
      "08711300999681",
      "08711300999902",
      "08711300999667"
    ],
    "productId": "20611",
    "name": "London Dry Gin & Tonic",
    "description": "*Ready to serve\n*Pr\u00eat \u00e0 l'emploi\n*6,4 % vol",
    "brand": "GORDON'S",
    "seoBrand": "Gordon's",
    "thumbNail": "https://static.colruytgroup.com/images/200x200/std.lang.all/88/17/asset-1508817.jpg",
    "fullImage": "https://static.colruytgroup.com/images/500x500/std.lang.all/88/17/asset-1508817.jpg",
    "squareImage": "https://static.colruytgroup.com/images/500x500sq/std.lang.all/88/17/asset-1508817.jpg",
    "content": "25cl",
    "price": {
      "basicPrice": 2.19,
      "recommendedQuantity": "1.0",
      "quantityPrice": {
        "source": "2.0",
        "parsedValue": 2
      },
      "quantityPriceQuantity": "2.0",
      "measurementUnitPrice": 8.76,
      "measurementUnitQuantityPrice": {
        "source": "8.0",
        "parsedValue": 8
      },
      "measurementUnit": "L",
      "isRedPrice": false,
      "pricePerUOM": 8.76,
      "activationDate": "05-06-2025",
      "recordSource": "Offline",
      "isPromoActive": "N",
      "priceChangeCode": "E",
      "quantityPricePerUOM": {
        "source": "8.0",
        "parsedValue": 8
      },
      "quantityActivationDate": "05-06-2025",
      "quantityPriceChangeCode": "H",
      "reactPromoConcurrent": true,
      "priceReason": "Reaction"
    },
    "isPriceAvailable": true,
    "channelAvailability": [
      "3_BE_STORE",
      "8_BE_STORE",
      "8_BE_COLLECT_NEXT_DAY",
      "8_BE_HOME_DELIVERY",
      "8_BE_HOME_DELIVERY_DRIVER"
    ],
    "businessDomain": "RETAIL_BE",
    "walkRouteSequenceNumber": 776,
    "isAvailable": true,
    "inPromo": false,
    "topCategoryName": "Boissons",
    "topCategoryId": "354",
    "categories": [
      {
        "name": "Boissons",
        "id": "354",
        "children": [
          {
            "name": "Ap\u00e9ritifs",
            "id": "399",
            "children": [
              {
                "name": "Cocktails pr\u00e9par\u00e9s",
                "id": "407"
              }
            ]
          }
        ]
      }
    ],
    "IsPrivateLabel": false,
    "amount": 0.25,
    "IsBiffe": false,
    "WeightconversionFactor": "0",
    "IsWeightArticle": false,
    "IsBio": false,
    "CountryOfOrigin": "ITALIE",
    "IsExclusivelySoldInLuxembourg": false,
    "OrderUnit": "P",
    "ShortName": "GORD GIN&TONIC CAN 25CL",
    "AlcoholDisclaimermsg": true,
    "IsNew": false,
    "amountUnit": "kg",
    "CountryOfOriginISO": "IT",
    "EcoscoreLabel": "C",
    "ShowAlcoholLegalMsg": true,
    "LongName": "GORDON'S London Dry Gin & Tonic 25cl",
    "RecentQuanityOfStockUnits": "1,12,4,24",
    "AlcoholVolume": "6.4",
    "FicCode": "E",
    "EcoscoreValue": "50"
  },
  {
    "technicalArticleNumber": "4868169",
    "commercialArticleNumber": "8597",
    "gtin": [
      "15012461005052",
      "05012461005048"
    ],
    "productId": "1250649",
    "name": "Pi\u00f1a Colada can",
    "brand": "MALIBU",
    "seoBrand": "Malibu",
    "thumbNail": "https://static.colruytgroup.com/images/200x200/std.lang.all/28/31/asset-3732831.jpg",
    "fullImage": "https://static.colruytgroup.com/images/500x500/std.lang.all/28/31/asset-3732831.jpg",
    "squareImage": "https://static.colruytgroup.com/images/500x500sq/std.lang.all/28/31/asset-3732831.jpg",
    "content": "25cl",
    "price": {
      "basicPrice": 2.29,
      "recommendedQuantity": "1.0",
      "measurementUnitPrice": 9.16,
      "measurementUnit": "L",
      "isRedPrice": false,
      "pricePerUOM": 9.16,
      "activationDate": "21-05-2025",
      "recordSource": "Offline",
      "isPromoActive": "N",
      "priceChangeCode": "E",
      "priceReason": "Reaction"
    },
    "isPriceAvailable": true,
    "channelAvailability": [
      "8_BE_STORE",
      "8_BE_COLLECT_NEXT_DAY",
      "8_BE_HOME_DELIVERY",
      "8_BE_HOME_DELIVERY_DRIVER"
    ],
    "businessDomain": "RETAIL_BE",
    "walkRouteSequenceNumber": 767,
    "isAvailable": true,
    "inPromo": false,
    "topCategoryName": "Boissons",
    "topCategoryId": "354",
    "categories": [
      {
        "name": "Boissons",
        "id": "354",
        "children": [
          {
            "name": "Ap\u00e9ritifs",
            "id": "399",
            "children": [
              {
                "name": "Ap\u00e9ritifs/Vins de liqueur",
                "id": "403"
              }
            ]
          }
        ]
      }
    ],
    "IsPrivateLabel": false,
    "amount": 0.25,
    "IsBiffe": false,
    "WeightconversionFactor": "0",
    "IsWeightArticle": false,
    "IsBio": false,
    "CountryOfOrigin": "BARBADE",
    "IsExclusivelySoldInLuxembourg": false,
    "OrderUnit": "P",
    "ShortName": "MALI PINA COLADA5% 25CL",
    "AlcoholDisclaimermsg": true,
    "IsNew": false,
    "amountUnit": "kg",
    "CountryOfOriginISO": "BB",
    "EcoscoreLabel": "D",
    "ShowAlcoholLegalMsg": true,
    "LongName": "MALIBU Pi\u00f1a Colada can 25cl",
    "RecentQuanityOfStockUnits": "1,12",
    "AlcoholVolume": "5",
    "FicCode": "E",
    "EcoscoreValue": "31"
  },
  {
    "technicalArticleNumber": "4872199",
    "commercialArticleNumber": "31552",
    "gtin": [
      "07312040323005",
      "07312040323012"
    ],
    "productId": "1253514",
    "name": "Passionfruit Martini can",
    "brand": "ABSOLUT",
    "seoBrand": "Absolut",
    "thumbNail": "https://static.colruytgroup.com/images/200x200/std.lang.all/63/40/asset-3736340.jpg",
    "fullImage": "https://static.colruytgroup.com/images/500x500/std.lang.all/63/40/asset-3736340.jpg",
    "squareImage": "https://static.colruytgroup.com/images/500x500sq/std.lang.all/63/40/asset-3736340.jpg",
    "content": "25cl",
    "price": {
      "basicPrice": 2.29,
      "recommendedQuantity": "1.0",
      "measurementUnitPrice": 9.16,
      "measurementUnit": "L",
      "isRedPrice": false,
      "pricePerUOM": 9.16,
      "activationDate": "21-05-2025",
      "recordSource": "Offline",
      "isPromoActive": "N",
      "priceChangeCode": "E",
      "priceReason": "Reaction"
    },
    "isPriceAvailable": true,
    "channelAvailability": [
      "8_BE_STORE",
      "8_BE_COLLECT_NEXT_DAY",
      "8_BE_HOME_DELIVERY",
      "8_BE_HOME_DELIVERY_DRIVER"
    ],
    "businessDomain": "RETAIL_BE",
    "walkRouteSequenceNumber": 766,
    "isAvailable": true,
    "inPromo": false,
    "topCategoryName": "Boissons",
    "topCategoryId": "354",
    "categories": [
      {
        "name": "Boissons",
        "id": "354",
        "children": [
          {
            "name": "Ap\u00e9ritifs",
            "id": "399",
            "children": [
              {
                "name": "Autres ap\u00e9ritifs",
                "id": "408"
              }
            ]
          }
        ]
      }
    ],
    "IsPrivateLabel": false,
    "amount": 0.25,
    "IsBiffe": false,
    "WeightconversionFactor": "0",
    "IsWeightArticle": false,
    "IsBio": false,
    "CountryOfOrigin": "SU\u00c8DE",
    "IsExclusivelySoldInLuxembourg": false,
    "OrderUnit": "P",
    "ShortName": "ABSO PASSIONFR MART25CL",
    "AlcoholDisclaimermsg": true,
    "IsNew": false,
    "amountUnit": "kg",
    "CountryOfOriginISO": "SE",
    "EcoscoreLabel": "D",
    "ShowAlcoholLegalMsg": true,
    "LongName": "ABSOLUT Passionfruit Martini can 25cl",
    "RecentQuanityOfStockUnits": "1,12",
    "AlcoholVolume": "5",
    "FicCode": "E",
    "EcoscoreValue": "31"
  },
  {
    "technicalArticleNumber": "4887222",
    "commercialArticleNumber": "39306",
    "gtin": [
      "08435742520622",
      "08435742500525"
    ],
    "productId": "1264139",
    "name": "Sangria Rouge 6%",
    "brand": "MARIA JOLA",
    "seoBrand": "Maria Jola",
    "thumbNail": "https://static.colruytgroup.com/images/200x200/std.lang.all/26/48/asset-3842648.jpg",
    "fullImage": "https://static.colruytgroup.com/images/500x500/std.lang.all/26/48/asset-3842648.jpg",
    "squareImage": "https://static.colruytgroup.com/images/500x500sq/std.lang.all/26/48/asset-3842648.jpg",
    "content": "1,5L",
    "price": {
      "basicPrice": 2.35,
      "recommendedQuantity": "1.0",
      "measurementUnitPrice": 1.57,
      "measurementUnit": "L",
      "isRedPrice": false,
      "pricePerUOM": 1.57,
      "activationDate": "28-05-2025",
      "recordSource": "Offline",
      "isPromoActive": "N",
      "priceChangeCode": "H",
      "priceReason": "Reaction"
    },
    "isPriceAvailable": true,
    "channelAvailability": [
      "8_LU_STORE",
      "8_BE_STORE",
      "3_BE_STORE",
      "8_BE_COLLECT_NEXT_DAY",
      "8_BE_HOME_DELIVERY",
      "8_BE_HOME_DELIVERY_DRIVER"
    ],
    "businessDomain": "RETAIL_BE",
    "walkRouteSequenceNumber": 696,
    "isAvailable": true,
    "inPromo": false,
    "topCategoryName": "Boissons",
    "topCategoryId": "354",
    "categories": [
      {
        "name": "Boissons",
        "id": "354",
        "children": [
          {
            "name": "Ap\u00e9ritifs",
            "id": "399",
            "children": [
              {
                "name": "Autres ap\u00e9ritifs",
                "id": "408"
              }
            ]
          }
        ]
      }
    ],
    "IsPrivateLabel": false,
    "amount": 1.5,
    "IsBiffe": false,
    "WeightconversionFactor": "0",
    "IsWeightArticle": false,
    "IsBio": false,
    "CountryOfOrigin": "ESPAGNE",
    "IsExclusivelySoldInLuxembourg": false,
    "OrderUnit": "P",
    "ShortName": "MAJO SANGRIA ROUGE 1.5L",
    "AlcoholDisclaimermsg": true,
    "IsNew": false,
    "amountUnit": "kg",
    "CountryOfOriginISO": "ES",
    "EcoscoreLabel": "D",
    "ShowAlcoholLegalMsg": true,
    "LongName": "MARIA JOLA Sangria Rouge 6% 1,5L",
    "RecentQuanityOfStockUnits": "6,1",
    "AlcoholVolume": "6",
    "FicCode": "E",
    "EcoscoreValue": "27"
  },
  {
    "technicalArticleNumber": "2227263",
    "commercialArticleNumber": "4254",
    "gtin": [
      "08711300999711",
      "05010103926492",
      "05010103939003",
      "05010103938990",
      "08711300999926",
      "08711300999698",
      "08711300999704"
    ],
    "productId": "20609",
    "name": "Whisky-cola 6,4% can",
    "description": "*Ready to serve\n*Pr\u00eat \u00e0 l'emploi\n*6,4 % vol",
    "brand": "J&B",
    "seoBrand": "J&B",
    "thumbNail": "https://static.colruytgroup.com/images/200x200/std.lang.all/82/54/asset-3828254.jpg",
    "fullImage": "https://static.colruytgroup.com/images/500x500/std.lang.all/82/54/asset-3828254.jpg",
    "squareImage": "https://static.colruytgroup.com/images/500x500sq/std.lang.all/82/54/asset-3828254.jpg",
    "content": "25cl",
    "price": {
      "basicPrice": 2.49,
      "recommendedQuantity": "1.0",
      "quantityPrice": {
        "source": "2.0",
        "parsedValue": 2
      },
      "quantityPriceQuantity": "2.0",
      "measurementUnitPrice": 9.96,
      "measurementUnitQuantityPrice": {
        "source": "8.0",
        "parsedValue": 8
      },
      "measurementUnit": "L",
      "isRedPrice": false,
      "pricePerUOM": 9.96,
      "activationDate": "04-06-2025",
      "recordSource": "Offline",
      "isPromoActive": "N",
      "priceChangeCode": "E",
      "quantityPricePerUOM": {
        "source": "8.0",
        "parsedValue": 8
      },
      "quantityActivationDate": "04-06-2025",
      "quantityPriceChangeCode": "L",
      "priceReason": "Reaction"
    },
    "isPriceAvailable": true,
    "channelAvailability": [
      "3_BE_STORE",
      "8_BE_STORE",
      "8_BE_COLLECT_NEXT_DAY",
      "8_BE_HOME_DELIVERY_DRIVER"
    ],
    "businessDomain": "RETAIL_BE",
    "walkRouteSequenceNumber": 772,
    "isAvailable": true,
    "inPromo": false,
    "topCategoryName": "Boissons",
    "topCategoryId": "354",
    "categories": [
      {
        "name": "Boissons",
        "id": "354",
        "children": [
          {
            "name": "Ap\u00e9ritifs",
            "id": "399",
            "children": [
              {
                "name": "Cocktails pr\u00e9par\u00e9s",
                "id": "407"
              }
            ]
          }
        ]
      }
    ],
    "IsPrivateLabel": false,
    "amount": 0.25,
    "IsBiffe": false,
    "WeightconversionFactor": "0",
    "IsWeightArticle": false,
    "IsBio": false,
    "CountryOfOrigin": "ITALIE",
    "IsExclusivelySoldInLuxembourg": false,
    "OrderUnit": "P",
    "ShortName": "J&B WHISKY-COLA CAN25CL",
    "AlcoholDisclaimermsg": true,
    "IsNew": false,
    "amountUnit": "kg",
    "CountryOfOriginISO": "IT",
    "EcoscoreLabel": "C",
    "ShowAlcoholLegalMsg": true,
    "LongName": "J&B Whisky-cola 6,4% can 25cl",
    "RecentQuanityOfStockUnits": "12,4,1,1",
    "AlcoholVolume": "6.4",
    "FicCode": "E",
    "EcoscoreValue": "57"
  },
  {
    "technicalArticleNumber": "4345563",
    "commercialArticleNumber": "19318",
    "gtin": [
      "07640175742461",
      "07640175742454",
      "07640175744588",
      "07640175744571"
    ],
    "productId": "648015",
    "name": "Gin&Tonic 6,5% can",
    "description": "*Ready to drink\n*Pr\u00eat \u00e0 l'emploi\n*6,5 % vol",
    "brand": "BOMBAY SAPPHIRE",
    "seoBrand": "Bombay Sapphire",
    "thumbNail": "https://static.colruytgroup.com/images/200x200/std.lang.all/61/50/asset-2776150.jpg",
    "fullImage": "https://static.colruytgroup.com/images/500x500/std.lang.all/61/50/asset-2776150.jpg",
    "squareImage": "https://static.colruytgroup.com/images/500x500sq/std.lang.all/61/50/asset-2776150.jpg",
    "content": "25cl",
    "price": {
      "basicPrice": 2.49,
      "recommendedQuantity": "1.0",
      "measurementUnitPrice": 9.96,
      "measurementUnit": "L",
      "isRedPrice": false,
      "pricePerUOM": 9.96,
      "activationDate": "03-06-2025",
      "recordSource": "Offline",
      "isPromoActive": "N",
      "priceChangeCode": "H",
      "priceReason": "Reaction"
    },
    "isPriceAvailable": true,
    "channelAvailability": [
      "8_BE_STORE",
      "8_BE_COLLECT_NEXT_DAY",
      "8_BE_HOME_DELIVERY",
      "8_BE_HOME_DELIVERY_DRIVER"
    ],
    "businessDomain": "RETAIL_BE",
    "walkRouteSequenceNumber": 774,
    "isAvailable": true,
    "inPromo": false,
    "topCategoryName": "Boissons",
    "topCategoryId": "354",
    "categories": [
      {
        "name": "Boissons",
        "id": "354",
        "children": [
          {
            "name": "Ap\u00e9ritifs",
            "id": "399",
            "children": [
              {
                "name": "Cocktails pr\u00e9par\u00e9s",
                "id": "407"
              }
            ]
          }
        ]
      }
    ],
    "IsPrivateLabel": false,
    "amount": 0.25,
    "IsBiffe": false,
    "IsWeightArticle": false,
    "WeightconversionFactor": "0",
    "IsBio": false,
    "CountryOfOrigin": "BELGIQUE",
    "IsExclusivelySoldInLuxembourg": false,
    "OrderUnit": "P",
    "AlcoholDisclaimermsg": true,
    "InSeason": true,
    "ShortName": "BOMB SAPP GIN&TONIC25CL",
    "IsNew": false,
    "amountUnit": "kg",
    "CountryOfOriginISO": "BE",
    "EcoscoreLabel": "D",
    "ShowAlcoholLegalMsg": true,
    "LongName": "BOMBAY SAPPHIRE Gin&Tonic 6,5% can 25cl",
    "RecentQuanityOfStockUnits": "1,12",
    "AlcoholVolume": "6.5",
    "StartSeasonDate": "11/10/2021",
    "FicCode": "E",
    "EcoscoreValue": "38"
  },
  {
    "technicalArticleNumber": "4903864",
    "commercialArticleNumber": "28874",
    "gtin": [
      "05411772001310",
      "05411772001327"
    ],
    "productId": "1276868",
    "name": "Monkey Mule 4,0%vol",
    "brand": "WOODBERRIES",
    "seoBrand": "Woodberries",
    "thumbNail": "https://static.colruytgroup.com/images/200x200/std.lang.all/72/43/asset-3827243.jpg",
    "fullImage": "https://static.colruytgroup.com/images/500x500/std.lang.all/72/43/asset-3827243.jpg",
    "squareImage": "https://static.colruytgroup.com/images/500x500sq/std.lang.all/72/43/asset-3827243.jpg",
    "content": "25cl",
    "price": {
      "basicPrice": 2.49,
      "recommendedQuantity": "1.0",
      "measurementUnitPrice": 9.96,
      "measurementUnit": "L",
      "isRedPrice": false,
      "pricePerUOM": 9.96,
      "activationDate": "16-04-2025",
      "isPromoActive": "N",
      "priceChangeCode": "E",
      "priceReason": "FALLBACK"
    },
    "isPriceAvailable": true,
    "channelAvailability": [
      "8_BE_STORE",
      "8_BE_COLLECT_NEXT_DAY",
      "8_BE_HOME_DELIVERY",
      "8_BE_HOME_DELIVERY_DRIVER"
    ],
    "businessDomain": "RETAIL_BE",
    "walkRouteSequenceNumber": 754,
    "isAvailable": true,
    "inPromo": false,
    "topCategoryName": "Boissons",
    "topCategoryId": "354",
    "categories": [
      {
        "name": "Boissons",
        "id": "354",
        "children": [
          {
            "name": "Ap\u00e9ritifs",
            "id": "399",
            "children": [
              {
                "name": "Cocktails pr\u00e9par\u00e9s",
                "id": "407"
              }
            ]
          }
        ]
      }
    ],
    "IsPrivateLabel": false,
    "amount": 0.25,
    "IsBiffe": false,
    "WeightconversionFactor": "0",
    "IsWeightArticle": false,
    "IsBio": false,
    "CountryOfOrigin": "BELGIQUE",
    "IsExclusivelySoldInLuxembourg": false,
    "OrderUnit": "P",
    "ShortName": "WOBE MONKEY MULE 4% 25C",
    "AlcoholDisclaimermsg": true,
    "IsNew": true,
    "amountUnit": "kg",
    "CountryOfOriginISO": "BE",
    "EcoscoreLabel": "D",
    "ShowAlcoholLegalMsg": true,
    "LongName": "WOODBERRIES Monkey Mule 4,0%vol 25cl",
    "RecentQuanityOfStockUnits": "1,12",
    "AlcoholVolume": "4",
    "FicCode": "E",
    "EcoscoreValue": "31"
  },
  {
    "technicalArticleNumber": "4606652",
    "commercialArticleNumber": "29460",
    "gtin": [
      "07610113018163",
      "07610113018156"
    ],
    "productId": "796223",
    "name": "Pink It Up! 5% can",
    "description": "*Vodka based\n*Ready to drink\n*5 % vol",
    "brand": "ERISTOFF",
    "seoBrand": "Eristoff",
    "thumbNail": "https://static.colruytgroup.com/images/200x200/std.lang.all/42/76/asset-2844276.jpg",
    "fullImage": "https://static.colruytgroup.com/images/500x500/std.lang.all/42/76/asset-2844276.jpg",
    "squareImage": "https://static.colruytgroup.com/images/500x500sq/std.lang.all/42/76/asset-2844276.jpg",
    "content": "25cl",
    "price": {
      "basicPrice": 2.59,
      "recommendedQuantity": "1.0",
      "measurementUnitPrice": 10.36,
      "measurementUnit": "L",
      "isRedPrice": false,
      "pricePerUOM": 10.36,
      "activationDate": "05-06-2025",
      "recordSource": "Offline",
      "isPromoActive": "N",
      "priceChangeCode": "E",
      "priceReason": "Reaction"
    },
    "isPriceAvailable": true,
    "channelAvailability": [
      "8_BE_STORE",
      "8_BE_COLLECT_NEXT_DAY",
      "8_BE_HOME_DELIVERY_DRIVER"
    ],
    "businessDomain": "RETAIL_BE",
    "walkRouteSequenceNumber": 762,
    "isAvailable": true,
    "inPromo": false,
    "topCategoryName": "Boissons",
    "topCategoryId": "354",
    "categories": [
      {
        "name": "Boissons",
        "id": "354",
        "children": [
          {
            "name": "Ap\u00e9ritifs",
            "id": "399",
            "children": [
              {
                "name": "Cocktails pr\u00e9par\u00e9s",
                "id": "407"
              }
            ]
          }
        ]
      }
    ],
    "IsPrivateLabel": false,
    "amount": 0.25,
    "IsBiffe": false,
    "WeightconversionFactor": "0",
    "IsWeightArticle": false,
    "IsBio": false,
    "CountryOfOrigin": "BELGIQUE",
    "IsExclusivelySoldInLuxembourg": false,
    "OrderUnit": "P",
    "ShortName": "ERIS PINK IT UP CAN25CL",
    "AlcoholDisclaimermsg": true,
    "IsNew": false,
    "amountUnit": "kg",
    "CountryOfOriginISO": "BE",
    "EcoscoreLabel": "D",
    "ShowAlcoholLegalMsg": true,
    "LongName": "ERISTOFF Pink It Up! 5% can 25cl",
    "RecentQuanityOfStockUnits": "12,1",
    "AlcoholVolume": "5",
    "FicCode": "E",
    "EcoscoreValue": "38"
  },
  {
    "technicalArticleNumber": "4835294",
    "commercialArticleNumber": "24404",
    "gtin": [
      "05060065302278",
      "05060065302285"
    ],
    "productId": "1192675",
    "name": "Pi\u00f1a Colada 5%",
    "description": "*\u00c0 base de rhum\n*Ready to drink\n*5% vol",
    "brand": "FUNKIN",
    "seoBrand": "Funkin",
    "thumbNail": "https://static.colruytgroup.com/images/200x200/std.lang.all/64/95/asset-3636495.jpg",
    "fullImage": "https://static.colruytgroup.com/images/500x500/std.lang.all/64/95/asset-3636495.jpg",
    "squareImage": "https://static.colruytgroup.com/images/500x500sq/std.lang.all/64/95/asset-3636495.jpg",
    "content": "20cl",
    "price": {
      "basicPrice": 2.59,
      "recommendedQuantity": "1.0",
      "measurementUnitPrice": 12.95,
      "measurementUnit": "L",
      "isRedPrice": false,
      "pricePerUOM": 12.95,
      "activationDate": "04-06-2025",
      "isPromoActive": "Y",
      "priceChangeCode": "E",
      "priceReason": "Promo"
    },
    "isPriceAvailable": true,
    "channelAvailability": [
      "8_BE_STORE",
      "8_BE_COLLECT_NEXT_DAY",
      "8_BE_HOME_DELIVERY_DRIVER"
    ],
    "businessDomain": "RETAIL_BE",
    "walkRouteSequenceNumber": 758,
    "isAvailable": true,
    "inPromo": true,
    "promotion": [
      {
        "techPromoId": "101152COLR",
        "promotionId": "101152",
        "promotionType": "3",
        "isPersonalized": "N",
        "publicationStartDate": "04-06-2025",
        "publicationEndDate": "17-06-2025",
        "topPromo": false
      }
    ],
    "topCategoryName": "Boissons",
    "topCategoryId": "354",
    "categories": [
      {
        "name": "Boissons",
        "id": "354",
        "children": [
          {
            "name": "Ap\u00e9ritifs",
            "id": "399",
            "children": [
              {
                "name": "Cocktails pr\u00e9par\u00e9s",
                "id": "407"
              }
            ]
          }
        ]
      }
    ],
    "IsPrivateLabel": false,
    "amount": 0.2,
    "IsBiffe": false,
    "WeightconversionFactor": "0",
    "IsWeightArticle": false,
    "IsBio": false,
    "CountryOfOrigin": "PAYS-BAS",
    "IsExclusivelySoldInLuxembourg": false,
    "OrderUnit": "P",
    "ShortName": "FUNK PINA COLADA 20CL",
    "AlcoholDisclaimermsg": true,
    "IsNew": false,
    "amountUnit": "kg",
    "CountryOfOriginISO": "NL",
    "EcoscoreLabel": "D",
    "ShowAlcoholLegalMsg": true,
    "LongName": "FUNKIN Pi\u00f1a Colada 5% 20cl",
    "RecentQuanityOfStockUnits": "1,12",
    "AlcoholVolume": "5",
    "FicCode": "E",
    "EcoscoreValue": "31"
  },
  {
    "technicalArticleNumber": "4835325",
    "commercialArticleNumber": "24436",
    "gtin": [
      "05060065301806",
      "05060065301752"
    ],
    "productId": "1192702",
    "name": "Passion Fruit Martini 5%",
    "description": "*\u00c0 base de vodka\n*Ready to drink\n*5% vol",
    "brand": "FUNKIN",
    "seoBrand": "Funkin",
    "thumbNail": "https://static.colruytgroup.com/images/200x200/std.lang.all/64/96/asset-3636496.jpg",
    "fullImage": "https://static.colruytgroup.com/images/500x500/std.lang.all/64/96/asset-3636496.jpg",
    "squareImage": "https://static.colruytgroup.com/images/500x500sq/std.lang.all/64/96/asset-3636496.jpg",
    "content": "20cl",
    "price": {
      "basicPrice": 2.59,
      "recommendedQuantity": "1.0",
      "measurementUnitPrice": 12.95,
      "measurementUnit": "L",
      "isRedPrice": false,
      "pricePerUOM": 12.95,
      "activationDate": "15-05-2025",
      "isPromoActive": "N",
      "priceChangeCode": "H",
      "priceReason": "FALLBACK"
    },
    "isPriceAvailable": true,
    "channelAvailability": [
      "8_BE_STORE",
      "8_BE_COLLECT_NEXT_DAY",
      "8_BE_HOME_DELIVERY",
      "8_BE_HOME_DELIVERY_DRIVER"
    ],
    "businessDomain": "RETAIL_BE",
    "walkRouteSequenceNumber": 757,
    "isAvailable": true,
    "inPromo": true,
    "promotion": [
      {
        "techPromoId": "101152COLR",
        "promotionId": "101152",
        "promotionType": "3",
        "isPersonalized": "N",
        "publicationStartDate": "04-06-2025",
        "publicationEndDate": "17-06-2025",
        "topPromo": false
      }
    ],
    "topCategoryName": "Boissons",
    "topCategoryId": "354",
    "categories": [
      {
        "name": "Boissons",
        "id": "354",
        "children": [
          {
            "name": "Ap\u00e9ritifs",
            "id": "399",
            "children": [
              {
                "name": "Cocktails pr\u00e9par\u00e9s",
                "id": "407"
              }
            ]
          }
        ]
      }
    ],
    "IsPrivateLabel": false,
    "amount": 0.2,
    "IsBiffe": false,
    "WeightconversionFactor": "0",
    "IsWeightArticle": false,
    "IsBio": false,
    "CountryOfOrigin": "PAYS-BAS",
    "IsExclusivelySoldInLuxembourg": false,
    "OrderUnit": "P",
    "ShortName": "FUNK PASS.FR.MARTINI20C",
    "AlcoholDisclaimermsg": true,
    "IsNew": false,
    "amountUnit": "kg",
    "CountryOfOriginISO": "NL",
    "ShowAlcoholLegalMsg": true,
    "LongName": "FUNKIN Passion Fruit Martini 5% 20cl",
    "RecentQuanityOfStockUnits": "1,12",
    "AlcoholVolume": "5",
    "FicCode": "E"
  },
  {
    "technicalArticleNumber": "4836001",
    "commercialArticleNumber": "25610",
    "gtin": [
      "05060065302476",
      "05060065302483"
    ],
    "productId": "1195037",
    "name": "Strawberry Daiquiri 5%",
    "description": "*\u00c0 base de rhum\n*Ready to drink\n*5% vol",
    "brand": "FUNKIN",
    "seoBrand": "Funkin",
    "thumbNail": "https://static.colruytgroup.com/images/200x200/std.lang.all/64/97/asset-3636497.jpg",
    "fullImage": "https://static.colruytgroup.com/images/500x500/std.lang.all/64/97/asset-3636497.jpg",
    "squareImage": "https://static.colruytgroup.com/images/500x500sq/std.lang.all/64/97/asset-3636497.jpg",
    "content": "20cl",
    "price": {
      "basicPrice": 2.59,
      "recommendedQuantity": "1.0",
      "measurementUnitPrice": 12.95,
      "measurementUnit": "L",
      "isRedPrice": false,
      "pricePerUOM": 12.95,
      "activationDate": "04-06-2025",
      "isPromoActive": "Y",
      "priceChangeCode": "E",
      "priceReason": "Promo"
    },
    "isPriceAvailable": true,
    "channelAvailability": [
      "8_BE_STORE",
      "8_BE_COLLECT_NEXT_DAY",
      "8_BE_HOME_DELIVERY",
      "8_BE_HOME_DELIVERY_DRIVER"
    ],
    "businessDomain": "RETAIL_BE",
    "walkRouteSequenceNumber": 759,
    "isAvailable": true,
    "inPromo": true,
    "promotion": [
      {
        "techPromoId": "101152COLR",
        "promotionId": "101152",
        "promotionType": "3",
        "isPersonalized": "N",
        "publicationStartDate": "04-06-2025",
        "publicationEndDate": "17-06-2025",
        "topPromo": false
      }
    ],
    "topCategoryName": "Boissons",
    "topCategoryId": "354",
    "categories": [
      {
        "name": "Boissons",
        "id": "354",
        "children": [
          {
            "name": "Ap\u00e9ritifs",
            "id": "399",
            "children": [
              {
                "name": "Cocktails pr\u00e9par\u00e9s",
                "id": "407"
              }
            ]
          }
        ]
      }
    ],
    "IsPrivateLabel": false,
    "amount": 0.2,
    "IsBiffe": false,
    "WeightconversionFactor": "0",
    "IsWeightArticle": false,
    "IsBio": false,
    "CountryOfOrigin": "PAYS-BAS",
    "IsExclusivelySoldInLuxembourg": false,
    "OrderUnit": "P",
    "ShortName": "FUNK STRA.DAIQUIRI 20CL",
    "AlcoholDisclaimermsg": true,
    "IsNew": false,
    "amountUnit": "kg",
    "CountryOfOriginISO": "NL",
    "EcoscoreLabel": "D",
    "ShowAlcoholLegalMsg": true,
    "LongName": "FUNKIN Strawberry Daiquiri 5% 20cl",
    "RecentQuanityOfStockUnits": "1,12",
    "AlcoholVolume": "5",
    "FicCode": "E",
    "EcoscoreValue": "31"
  },
  {
    "technicalArticleNumber": "4885365",
    "commercialArticleNumber": "24533",
    "gtin": [
      "07610113022832",
      "07610113022948"
    ],
    "productId": "1263003",
    "name": "Blue 4% can",
    "brand": "ERISTOFF",
    "seoBrand": "Eristoff",
    "thumbNail": "https://static.colruytgroup.com/images/200x200/std.lang.all/13/27/asset-3811327.jpg",
    "fullImage": "https://static.colruytgroup.com/images/500x500/std.lang.all/13/27/asset-3811327.jpg",
    "squareImage": "https://static.colruytgroup.com/images/500x500sq/std.lang.all/13/27/asset-3811327.jpg",
    "content": "25cl",
    "price": {
      "basicPrice": 2.59,
      "recommendedQuantity": "1.0",
      "measurementUnitPrice": 10.36,
      "measurementUnit": "L",
      "isRedPrice": false,
      "pricePerUOM": 10.36,
      "activationDate": "21-05-2025",
      "recordSource": "Offline",
      "isPromoActive": "N",
      "priceChangeCode": "H",
      "priceReason": "Reaction"
    },
    "isPriceAvailable": true,
    "channelAvailability": [
      "8_BE_STORE",
      "8_BE_COLLECT_NEXT_DAY",
      "8_BE_HOME_DELIVERY",
      "8_BE_HOME_DELIVERY_DRIVER"
    ],
    "businessDomain": "RETAIL_BE",
    "walkRouteSequenceNumber": 768,
    "isAvailable": true,
    "inPromo": false,
    "topCategoryName": "Boissons",
    "topCategoryId": "354",
    "categories": [
      {
        "name": "Boissons",
        "id": "354",
        "children": [
          {
            "name": "Ap\u00e9ritifs",
            "id": "399",
            "children": [
              {
                "name": "Cocktails pr\u00e9par\u00e9s",
                "id": "407"
              }
            ]
          }
        ]
      }
    ],
    "IsPrivateLabel": false,
    "amount": 0.25,
    "IsBiffe": false,
    "IsWeightArticle": false,
    "WeightconversionFactor": "0",
    "IsBio": false,
    "CountryOfOrigin": "BELGIQUE",
    "IsExclusivelySoldInLuxembourg": false,
    "OrderUnit": "P",
    "AlcoholDisclaimermsg": true,
    "ShortName": "ERIS BLUE 4% CAN 25CL",
    "IsNew": false,
    "amountUnit": "kg",
    "CountryOfOriginISO": "BE",
    "servings": {
      "source": "1.0",
      "parsedValue": 1
    },
    "EcoscoreLabel": "C",
    "ShowAlcoholLegalMsg": true,
    "LongName": "ERISTOFF Blue 4% can 25cl",
    "RecentQuanityOfStockUnits": "1,12",
    "AlcoholVolume": "4",
    "FicCode": "E",
    "EcoscoreValue": "50"
  },
  {
    "technicalArticleNumber": "4888460",
    "commercialArticleNumber": "39437",
    "gtin": [
      "07610113029374",
      "07610113029381"
    ],
    "productId": "1265001",
    "name": "Orange Flash 4% can",
    "description": "*Vodka based\n*Ready to drink\n*4 % vol",
    "brand": "ERISTOFF",
    "seoBrand": "Eristoff",
    "thumbNail": "https://static.colruytgroup.com/images/200x200/std.lang.all/43/49/asset-3784349.jpg",
    "fullImage": "https://static.colruytgroup.com/images/500x500/std.lang.all/43/49/asset-3784349.jpg",
    "squareImage": "https://static.colruytgroup.com/images/500x500sq/std.lang.all/43/49/asset-3784349.jpg",
    "content": "25cl",
    "price": {
      "basicPrice": 2.59,
      "recommendedQuantity": "1.0",
      "measurementUnitPrice": 10.36,
      "measurementUnit": "L",
      "isRedPrice": false,
      "pricePerUOM": 10.36,
      "activationDate": "03-06-2025",
      "recordSource": "Offline",
      "isPromoActive": "N",
      "priceChangeCode": "E",
      "priceReason": "Reaction"
    },
    "isPriceAvailable": true,
    "channelAvailability": [
      "8_BE_STORE",
      "8_BE_COLLECT_NEXT_DAY",
      "8_BE_HOME_DELIVERY",
      "8_BE_HOME_DELIVERY_DRIVER"
    ],
    "businessDomain": "RETAIL_BE",
    "walkRouteSequenceNumber": 771,
    "isAvailable": true,
    "inPromo": false,
    "topCategoryName": "Boissons",
    "topCategoryId": "354",
    "categories": [
      {
        "name": "Boissons",
        "id": "354",
        "children": [
          {
            "name": "Ap\u00e9ritifs",
            "id": "399",
            "children": [
              {
                "name": "Cocktails pr\u00e9par\u00e9s",
                "id": "407"
              }
            ]
          }
        ]
      }
    ],
    "IsPrivateLabel": false,
    "amount": 0.262,
    "IsBiffe": false,
    "IsWeightArticle": false,
    "WeightconversionFactor": "0",
    "IsBio": false,
    "CountryOfOrigin": "BELGIQUE",
    "IsExclusivelySoldInLuxembourg": false,
    "OrderUnit": "P",
    "AlcoholDisclaimermsg": true,
    "ShortName": "ERIS ORANG.FLASH CAN25C",
    "IsNew": false,
    "amountUnit": "kg",
    "CountryOfOriginISO": "BE",
    "servings": {
      "source": "1.0",
      "parsedValue": 1
    },
    "EcoscoreLabel": "D",
    "ShowAlcoholLegalMsg": true,
    "LongName": "ERISTOFF Orange Flash 4% can 25cl",
    "RecentQuanityOfStockUnits": "12,1",
    "AlcoholVolume": "4",
    "FicCode": "E",
    "EcoscoreValue": "39"
  },
  {
    "technicalArticleNumber": "17800",
    "commercialArticleNumber": "17800",
    "gtin": [
      "05400141015317",
      "25400141015311"
    ],
    "productId": "1163",
    "name": "cidre demi-sec",
    "description": "Boisson p\u00e9tillante \u00e0 base de pommes.\nFaible teneur en alcool (5 % vol.).\nServir frais. Conservation: 2 ans.\n2 ans.",
    "brand": "EVERYDAY",
    "seoBrand": "Everyday",
    "thumbNail": "https://static.colruytgroup.com/images/200x200/std.lang.all/30/04/asset-373004.jpg",
    "fullImage": "https://static.colruytgroup.com/images/500x500/std.lang.all/30/04/asset-373004.jpg",
    "squareImage": "https://static.colruytgroup.com/images/500x500sq/std.lang.all/30/04/asset-373004.jpg",
    "content": "75cl",
    "price": {
      "basicPrice": 2.95,
      "recommendedQuantity": "1.0",
      "measurementUnitPrice": 3.94,
      "measurementUnit": "L",
      "isRedPrice": false,
      "pricePerUOM": 3.94,
      "activationDate": "03-01-2025",
      "recordSource": "Offline",
      "isPromoActive": "N",
      "priceChangeCode": "H",
      "priceReason": "Reaction"
    },
    "isPriceAvailable": true,
    "channelAvailability": [
      "8_BE_STORE",
      "8_LU_STORE",
      "8_BE_COLLECT_NEXT_DAY",
      "8_BE_HOME_DELIVERY",
      "8_BE_HOME_DELIVERY_DRIVER"
    ],
    "businessDomain": "RETAIL_BE",
    "walkRouteSequenceNumber": 683,
    "isAvailable": true,
    "inPromo": false,
    "topCategoryName": "Boissons",
    "topCategoryId": "354",
    "categories": [
      {
        "name": "Boissons",
        "id": "354",
        "children": [
          {
            "name": "Ap\u00e9ritifs",
            "id": "399",
            "children": [
              {
                "name": "Cidres",
                "id": "409"
              }
            ]
          }
        ]
      }
    ],
    "IsPrivateLabel": true,
    "amount": 0.75,
    "IsBiffe": false,
    "foodPairing": [
      "Desserts",
      "Bouch\u00e9es ap\u00e9ritives"
    ],
    "IsWeightArticle": false,
    "WeightconversionFactor": "0",
    "IsBio": false,
    "CountryOfOrigin": "BELGIQUE",
    "IsExclusivelySoldInLuxembourg": false,
    "OrderUnit": "P",
    "AlcoholDisclaimermsg": true,
    "ShortName": "EVERYDAY CIDRE DS 75CL",
    "IsNew": false,
    "amountUnit": "kg",
    "CountryOfOriginISO": "BE",
    "EcoscoreLabel": "C",
    "ShowAlcoholLegalMsg": true,
    "LongName": "EVERYDAY cidre demi-sec 75cl",
    "RecentQuanityOfStockUnits": "6,1",
    "AlcoholVolume": "5",
    "FicCode": "I",
    "EcoscoreValue": "45"
  },
  {
    "technicalArticleNumber": "17335",
    "commercialArticleNumber": "17335",
    "gtin": [
      "25400141013249",
      "05400141013245"
    ],
    "productId": "1213",
    "name": "cidre brut de framboise",
    "description": "Cidre p\u00e9tillant parfum\u00e9 \u00e0 la\nframboise. Ap\u00e9ritif doux et fruit\u00e9.\nA servir frapp\u00e9.\nServir frais.",
    "brand": "EVERYDAY",
    "seoBrand": "Everyday",
    "thumbNail": "https://static.colruytgroup.com/images/200x200/std.lang.all/02/94/asset-350294.jpg",
    "fullImage": "https://static.colruytgroup.com/images/500x500/std.lang.all/02/94/asset-350294.jpg",
    "squareImage": "https://static.colruytgroup.com/images/500x500sq/std.lang.all/02/94/asset-350294.jpg",
    "content": "75cl",
    "price": {
      "basicPrice": 2.95,
      "recommendedQuantity": "1.0",
      "measurementUnitPrice": 3.94,
      "measurementUnit": "L",
      "isRedPrice": false,
      "pricePerUOM": 3.94,
      "activationDate": "03-01-2025",
      "isPromoActive": "N",
      "priceChangeCode": "H",
      "priceReason": "FALLBACK"
    },
    "isPriceAvailable": true,
    "channelAvailability": [
      "8_BE_STORE",
      "8_BE_COLLECT_NEXT_DAY",
      "8_BE_HOME_DELIVERY",
      "8_BE_HOME_DELIVERY_DRIVER"
    ],
    "businessDomain": "RETAIL_BE",
    "walkRouteSequenceNumber": 688,
    "isAvailable": true,
    "inPromo": false,
    "topCategoryName": "Boissons",
    "topCategoryId": "354",
    "categories": [
      {
        "name": "Boissons",
        "id": "354",
        "children": [
          {
            "name": "Ap\u00e9ritifs",
            "id": "399",
            "children": [
              {
                "name": "Cidres",
                "id": "409"
              }
            ]
          }
        ]
      }
    ],
    "IsPrivateLabel": true,
    "amount": 0.75,
    "IsBiffe": false,
    "WeightconversionFactor": "0",
    "IsWeightArticle": false,
    "IsBio": false,
    "CountryOfOrigin": "BELGIQUE",
    "IsExclusivelySoldInLuxembourg": false,
    "OrderUnit": "P",
    "ShortName": "EVD CIDER FRAMB.75CL",
    "AlcoholDisclaimermsg": true,
    "IsNew": false,
    "amountUnit": "kg",
    "CountryOfOriginISO": "BE",
    "EcoscoreLabel": "C",
    "ShowAlcoholLegalMsg": true,
    "LongName": "EVERYDAY cidre brut de framboise 75cl",
    "RecentQuanityOfStockUnits": "1,6",
    "AlcoholVolume": "5",
    "FicCode": "I",
    "EcoscoreValue": "45"
  },
  {
    "technicalArticleNumber": "17802",
    "commercialArticleNumber": "17802",
    "gtin": [
      "05400141013269",
      "25400141013263"
    ],
    "productId": "1165",
    "name": "cidre brut de p\u00eache",
    "description": "Cidre mousseux \u00e0 la p\u00eache.",
    "brand": "EVERYDAY",
    "seoBrand": "Everyday",
    "thumbNail": "https://static.colruytgroup.com/images/200x200/std.lang.all/02/95/asset-350295.jpg",
    "fullImage": "https://static.colruytgroup.com/images/500x500/std.lang.all/02/95/asset-350295.jpg",
    "squareImage": "https://static.colruytgroup.com/images/500x500sq/std.lang.all/02/95/asset-350295.jpg",
    "content": "75cl",
    "price": {
      "basicPrice": 2.99,
      "recommendedQuantity": "1.0",
      "measurementUnitPrice": 3.99,
      "measurementUnit": "L",
      "isRedPrice": false,
      "pricePerUOM": 3.99,
      "activationDate": "06-12-2024",
      "recordSource": "Offline",
      "isPromoActive": "N",
      "priceChangeCode": "E",
      "priceReason": "Reaction"
    },
    "isPriceAvailable": true,
    "channelAvailability": [
      "8_BE_STORE",
      "8_BE_COLLECT_NEXT_DAY",
      "8_BE_HOME_DELIVERY",
      "8_BE_HOME_DELIVERY_DRIVER"
    ],
    "businessDomain": "RETAIL_BE",
    "walkRouteSequenceNumber": 687,
    "isAvailable": true,
    "inPromo": false,
    "topCategoryName": "Boissons",
    "topCategoryId": "354",
    "categories": [
      {
        "name": "Boissons",
        "id": "354",
        "children": [
          {
            "name": "Ap\u00e9ritifs",
            "id": "399",
            "children": [
              {
                "name": "Cidres",
                "id": "409"
              }
            ]
          }
        ]
      }
    ],
    "IsPrivateLabel": true,
    "amount": 0.75,
    "IsBiffe": false,
    "WeightconversionFactor": "0",
    "IsWeightArticle": false,
    "IsBio": false,
    "CountryOfOrigin": "BELGIQUE",
    "IsExclusivelySoldInLuxembourg": false,
    "OrderUnit": "P",
    "ShortName": "EVD CIDE PECHE BRUT 75C",
    "AlcoholDisclaimermsg": true,
    "IsNew": false,
    "amountUnit": "kg",
    "CountryOfOriginISO": "BE",
    "EcoscoreLabel": "C",
    "ShowAlcoholLegalMsg": true,
    "LongName": "EVERYDAY cidre brut de p\u00eache 75cl",
    "RecentQuanityOfStockUnits": "6,1",
    "AlcoholVolume": "5",
    "FicCode": "I",
    "EcoscoreValue": "45"
  },
  {
    "technicalArticleNumber": "1096246",
    "commercialArticleNumber": "17843",
    "gtin": [
      "05400141178432",
      "05400141032673",
      "15400141032670",
      "05400141878431",
      "05400141386479",
      "15400141386476"
    ],
    "productId": "3387",
    "name": "Cidre de pommes doux",
    "description": "Cidre produit \u00e0 partir de pommes\nbiologiques.\nAMELIORATION ENVIRONNEMENT:\nculture biologique.",
    "brand": "BONI BIO",
    "seoBrand": "Boni Selection Bio",
    "thumbNail": "https://static.colruytgroup.com/images/200x200/std.lang.all/17/34/asset-2371734.jpg",
    "fullImage": "https://static.colruytgroup.com/images/500x500/std.lang.all/17/34/asset-2371734.jpg",
    "squareImage": "https://static.colruytgroup.com/images/500x500sq/std.lang.all/17/34/asset-2371734.jpg",
    "content": "75cl",
    "price": {
      "basicPrice": 2.99,
      "recommendedQuantity": "1.0",
      "measurementUnitPrice": 3.99,
      "measurementUnit": "L",
      "isRedPrice": false,
      "pricePerUOM": 3.99,
      "activationDate": "04-02-2025",
      "recordSource": "Offline",
      "isPromoActive": "N",
      "priceChangeCode": "L",
      "priceReason": "Reaction"
    },
    "isPriceAvailable": true,
    "channelAvailability": [
      "1_BE_STORE",
      "8_BE_STORE",
      "8_LU_STORE",
      "1_BE_COLLECT_NEXT_DAY",
      "8_BE_COLLECT_NEXT_DAY",
      "8_BE_HOME_DELIVERY",
      "8_BE_HOME_DELIVERY_DRIVER"
    ],
    "businessDomain": "RETAIL_BE",
    "walkRouteSequenceNumber": 686,
    "isAvailable": true,
    "inPromo": false,
    "topCategoryName": "Boissons",
    "topCategoryId": "354",
    "categories": [
      {
        "name": "Boissons",
        "id": "354",
        "children": [
          {
            "name": "Ap\u00e9ritifs",
            "id": "399",
            "children": [
              {
                "name": "Cidres",
                "id": "409"
              }
            ]
          }
        ]
      }
    ],
    "IsPrivateLabel": true,
    "amount": 0.75,
    "IsBiffe": false,
    "WeightconversionFactor": "0",
    "IsWeightArticle": false,
    "IsBio": true,
    "CountryOfOrigin": "BELGIQUE",
    "IsExclusivelySoldInLuxembourg": false,
    "OrderUnit": "P",
    "ShortName": "BONI BIO APPELC. 75C",
    "AlcoholDisclaimermsg": true,
    "IsNew": false,
    "amountUnit": "kg",
    "CountryOfOriginISO": "BE",
    "EcoscoreLabel": "B",
    "ShowAlcoholLegalMsg": true,
    "LongName": "BONI BIO Cidre de pommes doux 75cl",
    "RecentQuanityOfStockUnits": "1,6",
    "AlcoholVolume": "2.2",
    "FicCode": "I",
    "EcoscoreValue": "60"
  },
  {
    "technicalArticleNumber": "4739796",
    "commercialArticleNumber": "6162",
    "gtin": [
      "08018005974525",
      "08018005973627",
      "48018005973625"
    ],
    "productId": "882060",
    "name": "Rosso 0%",
    "description": "*Ap\u00e9ritif\n*Sans alcool",
    "brand": "BONGIORNO",
    "seoBrand": "Bongiorno",
    "thumbNail": "https://static.colruytgroup.com/images/200x200/std.lang.all/99/04/asset-3269904.jpg",
    "fullImage": "https://static.colruytgroup.com/images/500x500/std.lang.all/99/04/asset-3269904.jpg",
    "squareImage": "https://static.colruytgroup.com/images/500x500sq/std.lang.all/99/04/asset-3269904.jpg",
    "content": "6x10cl",
    "price": {
      "basicPrice": 2.99,
      "recommendedQuantity": "1.0",
      "quantityPrice": 2.87,
      "quantityPriceQuantity": "4.0",
      "measurementUnitPrice": 4.99,
      "measurementUnitQuantityPrice": 4.79,
      "measurementUnit": "L",
      "isRedPrice": false,
      "pricePerUOM": 4.99,
      "activationDate": "04-06-2025",
      "isPromoActive": "N",
      "priceChangeCode": "H",
      "quantityPricePerUOM": 4.79,
      "quantityActivationDate": "04-06-2025",
      "quantityPriceChangeCode": "E",
      "priceReason": "FALLBACK"
    },
    "isPriceAvailable": true,
    "channelAvailability": [
      "8_BE_STORE",
      "8_LU_STORE",
      "8_BE_COLLECT_NEXT_DAY",
      "8_BE_HOME_DELIVERY",
      "8_BE_HOME_DELIVERY_DRIVER"
    ],
    "businessDomain": "RETAIL_BE",
    "walkRouteSequenceNumber": 584,
    "isAvailable": true,
    "inPromo": false,
    "topCategoryName": "Boissons",
    "topCategoryId": "354",
    "categories": [
      {
        "name": "Boissons",
        "id": "354",
        "children": [
          {
            "name": "Ap\u00e9ritifs",
            "id": "399",
            "children": [
              {
                "name": "Ap\u00e9ritifs sans alcool",
                "id": "411"
              }
            ]
          }
        ]
      }
    ],
    "IsPrivateLabel": false,
    "amount": 0.6,
    "IsBiffe": false,
    "WeightconversionFactor": "0",
    "IsWeightArticle": false,
    "nutriscoreLabel": "E",
    "IsBio": false,
    "CountryOfOrigin": "ITALIE",
    "IsExclusivelySoldInLuxembourg": false,
    "OrderUnit": "P",
    "ShortName": "BONG ROSSO 0% 6X10CL",
    "IsNew": false,
    "amountUnit": "kg",
    "CountryOfOriginISO": "IT",
    "LongName": "BONGIORNO Rosso 0% 6x10cl",
    "RecentQuanityOfStockUnits": "4,1,1",
    "FicCode": "E"
  },
  {
    "technicalArticleNumber": "4739798",
    "commercialArticleNumber": "6230",
    "gtin": [
      "48018005973526",
      "08018005973528"
    ],
    "productId": "882062",
    "name": "Biondo 0%",
    "description": "*Ap\u00e9ritif\n*Sans alcool",
    "brand": "BONGIORNO",
    "seoBrand": "Bongiorno",
    "thumbNail": "https://static.colruytgroup.com/images/200x200/std.lang.all/99/05/asset-3269905.jpg",
    "fullImage": "https://static.colruytgroup.com/images/500x500/std.lang.all/99/05/asset-3269905.jpg",
    "squareImage": "https://static.colruytgroup.com/images/500x500sq/std.lang.all/99/05/asset-3269905.jpg",
    "content": "6x10cl",
    "price": {
      "basicPrice": 2.99,
      "recommendedQuantity": "1.0",
      "quantityPrice": 2.87,
      "quantityPriceQuantity": "4.0",
      "measurementUnitPrice": 4.99,
      "measurementUnitQuantityPrice": 4.79,
      "measurementUnit": "L",
      "isRedPrice": false,
      "pricePerUOM": 4.99,
      "activationDate": "04-06-2025",
      "isPromoActive": "N",
      "priceChangeCode": "H",
      "quantityPricePerUOM": 4.79,
      "quantityActivationDate": "04-06-2025",
      "quantityPriceChangeCode": "E",
      "priceReason": "FALLBACK"
    },
    "isPriceAvailable": true,
    "channelAvailability": [
      "8_BE_STORE",
      "8_LU_STORE",
      "8_BE_COLLECT_NEXT_DAY",
      "8_BE_HOME_DELIVERY",
      "8_BE_HOME_DELIVERY_DRIVER"
    ],
    "businessDomain": "RETAIL_BE",
    "walkRouteSequenceNumber": 585,
    "isAvailable": true,
    "inPromo": false,
    "topCategoryName": "Boissons",
    "topCategoryId": "354",
    "categories": [
      {
        "name": "Boissons",
        "id": "354",
        "children": [
          {
            "name": "Ap\u00e9ritifs",
            "id": "399",
            "children": [
              {
                "name": "Ap\u00e9ritifs sans alcool",
                "id": "411"
              }
            ]
          }
        ]
      }
    ],
    "IsPrivateLabel": false,
    "amount": 0.6,
    "IsBiffe": false,
    "WeightconversionFactor": "0",
    "IsWeightArticle": false,
    "nutriscoreLabel": "E",
    "IsBio": false,
    "CountryOfOrigin": "ITALIE",
    "IsExclusivelySoldInLuxembourg": false,
    "OrderUnit": "P",
    "ShortName": "BONG BIONDO 0% 6X10CL",
    "AlcoholDisclaimermsg": false,
    "IsNew": false,
    "amountUnit": "kg",
    "CountryOfOriginISO": "IT",
    "ShowAlcoholLegalMsg": false,
    "LongName": "BONGIORNO Biondo 0% 6x10cl",
    "RecentQuanityOfStockUnits": "1,4",
    "AlcoholVolume": "0",
    "FicCode": "E"
  },
  {
    "technicalArticleNumber": "4642602",
    "commercialArticleNumber": "6136",
    "gtin": [
      "07630040406505",
      "05410098619926",
      "07630040406512"
    ],
    "productId": "814514",
    "name": "Bellini 4% canette",
    "description": "*Ready to drink\n*4% vol",
    "brand": "MARTINI",
    "seoBrand": "Martini",
    "thumbNail": "https://static.colruytgroup.com/images/200x200/std.lang.all/37/96/asset-2903796.jpg",
    "fullImage": "https://static.colruytgroup.com/images/500x500/std.lang.all/37/96/asset-2903796.jpg",
    "squareImage": "https://static.colruytgroup.com/images/500x500sq/std.lang.all/37/96/asset-2903796.jpg",
    "content": "25cl",
    "price": {
      "basicPrice": 2.99,
      "recommendedQuantity": "1.0",
      "quantityPrice": 2.09,
      "quantityPriceQuantity": "2.0",
      "measurementUnitPrice": 11.96,
      "measurementUnitQuantityPrice": 8.36,
      "measurementUnit": "L",
      "isRedPrice": false,
      "pricePerUOM": 11.96,
      "activationDate": "04-06-2025",
      "recordSource": "Offline",
      "isPromoActive": "N",
      "priceChangeCode": "E",
      "quantityPricePerUOM": 8.36,
      "quantityActivationDate": "04-06-2025",
      "quantityPriceChangeCode": "E",
      "reactPromoConcurrent": true,
      "priceReason": "Reaction"
    },
    "isPriceAvailable": true,
    "channelAvailability": [
      "3_BE_STORE",
      "8_BE_STORE",
      "8_BE_COLLECT_NEXT_DAY",
      "8_BE_HOME_DELIVERY",
      "8_BE_HOME_DELIVERY_DRIVER"
    ],
    "businessDomain": "RETAIL_BE",
    "walkRouteSequenceNumber": 760,
    "isAvailable": true,
    "inPromo": false,
    "topCategoryName": "Boissons",
    "topCategoryId": "354",
    "categories": [
      {
        "name": "Boissons",
        "id": "354",
        "children": [
          {
            "name": "Ap\u00e9ritifs",
            "id": "399",
            "children": [
              {
                "name": "Cocktails pr\u00e9par\u00e9s",
                "id": "407"
              }
            ]
          }
        ]
      }
    ],
    "IsPrivateLabel": false,
    "amount": 0.25,
    "IsBiffe": false,
    "WeightconversionFactor": "0",
    "IsWeightArticle": false,
    "IsBio": false,
    "CountryOfOrigin": "ITALIE",
    "IsExclusivelySoldInLuxembourg": false,
    "OrderUnit": "P",
    "ShortName": "MART BELLINI CAN 25CL",
    "AlcoholDisclaimermsg": true,
    "IsNew": false,
    "amountUnit": "kg",
    "CountryOfOriginISO": "IT",
    "EcoscoreLabel": "C",
    "ShowAlcoholLegalMsg": true,
    "LongName": "MARTINI Bellini 4% canette 25cl",
    "RecentQuanityOfStockUnits": "24,1",
    "AlcoholVolume": "4",
    "FicCode": "E",
    "EcoscoreValue": "43"
  },
  {
    "technicalArticleNumber": "4887217",
    "commercialArticleNumber": "39305",
    "gtin": [
      "08435742520639",
      "08435742500532"
    ],
    "productId": "1264134",
    "name": "Sangria blanche 6%",
    "brand": "MARIA JOLA",
    "seoBrand": "Maria Jola",
    "thumbNail": "https://static.colruytgroup.com/images/200x200/std.lang.all/26/47/asset-3842647.jpg",
    "fullImage": "https://static.colruytgroup.com/images/500x500/std.lang.all/26/47/asset-3842647.jpg",
    "squareImage": "https://static.colruytgroup.com/images/500x500sq/std.lang.all/26/47/asset-3842647.jpg",
    "content": "1,5L",
    "price": {
      "basicPrice": 2.99,
      "recommendedQuantity": "1.0",
      "measurementUnitPrice": {
        "source": "2.0",
        "parsedValue": 2
      },
      "measurementUnit": "L",
      "isRedPrice": false,
      "pricePerUOM": {
        "source": "2.0",
        "parsedValue": 2
      },
      "activationDate": "28-05-2025",
      "recordSource": "Offline",
      "isPromoActive": "N",
      "priceChangeCode": "H",
      "priceReason": "Reaction"
    },
    "isPriceAvailable": true,
    "channelAvailability": [
      "3_BE_STORE",
      "8_BE_STORE",
      "8_LU_STORE",
      "8_BE_COLLECT_NEXT_DAY",
      "8_BE_HOME_DELIVERY",
      "8_BE_HOME_DELIVERY_DRIVER"
    ],
    "businessDomain": "RETAIL_BE",
    "walkRouteSequenceNumber": 975,
    "isAvailable": true,
    "inPromo": false,
    "topCategoryName": "Boissons",
    "topCategoryId": "354",
    "categories": [
      {
        "name": "Boissons",
        "id": "354",
        "children": [
          {
            "name": "Ap\u00e9ritifs",
            "id": "399",
            "children": [
              {
                "name": "Autres ap\u00e9ritifs",
                "id": "408"
              }
            ]
          }
        ]
      }
    ],
    "IsPrivateLabel": false,
    "amount": 1.5,
    "IsBiffe": false,
    "WeightconversionFactor": "0",
    "IsWeightArticle": false,
    "IsBio": false,
    "CountryOfOrigin": "ESPAGNE",
    "IsExclusivelySoldInLuxembourg": false,
    "OrderUnit": "P",
    "ShortName": "MAJO SANGRIA BLANC 1.5L",
    "AlcoholDisclaimermsg": true,
    "IsNew": false,
    "amountUnit": "kg",
    "CountryOfOriginISO": "ES",
    "EcoscoreLabel": "E",
    "ShowAlcoholLegalMsg": true,
    "LongName": "MARIA JOLA Sangria blanche 6% 1,5L",
    "RecentQuanityOfStockUnits": "6,1",
    "AlcoholVolume": "6",
    "FicCode": "E",
    "EcoscoreValue": "19"
  },
  {
    "technicalArticleNumber": "4817861",
    "commercialArticleNumber": "13030",
    "gtin": [
      "15400141751113",
      "05400141751116",
      "15400141583776",
      "05400141583779"
    ],
    "productId": "1122703",
    "name": "riz tha\u00ef",
    "description": "*Riz en vrac\n*15 minutes",
    "brand": "BONI",
    "seoBrand": "Boni Selection",
    "thumbNail": "https://static.colruytgroup.com/images/200x200/std.lang.all/74/73/asset-2917473.jpg",
    "fullImage": "https://static.colruytgroup.com/images/500x500/std.lang.all/74/73/asset-2917473.jpg",
    "squareImage": "https://static.colruytgroup.com/images/500x500sq/std.lang.all/74/73/asset-2917473.jpg",
    "content": "2kg",
    "price": {
      "basicPrice": 3.38,
      "recommendedQuantity": "1.0",
      "measurementUnitPrice": 1.69,
      "measurementUnit": "K",
      "isRedPrice": false,
      "pricePerUOM": 1.69,
      "activationDate": "01-04-2025",
      "recordSource": "Offline",
      "isPromoActive": "N",
      "priceChangeCode": "H",
      "priceReason": "Reaction"
    },
    "isPriceAvailable": true,
    "channelAvailability": [
      "3_BE_STORE",
      "8_BE_STORE",
      "8_LU_STORE",
      "8_BE_COLLECT_NEXT_DAY",
      "8_BE_HOME_DELIVERY",
      "8_BE_HOME_DELIVERY_DRIVER"
    ],
    "businessDomain": "RETAIL_BE",
    "walkRouteSequenceNumber": 7939,
    "isAvailable": true,
    "inPromo": false,
    "topCategoryName": "Boissons",
    "topCategoryId": "354",
    "categories": [
      {
        "name": "Boissons",
        "id": "354",
        "children": [
          {
            "name": "Ap\u00e9ritifs",
            "id": "399",
            "children": [
              {
                "name": "Ap\u00e9ritifs sans alcool",
                "id": "411"
              }
            ]
          }
        ]
      }
    ],
    "IsPrivateLabel": true,
    "amount": {
      "source": "2.0",
      "parsedValue": 2
    },
    "IsBiffe": false,
    "WeightconversionFactor": "0",
    "IsWeightArticle": false,
    "nutriscoreLabel": "B",
    "IsBio": false,
    "CountryOfOrigin": "BELGIQUE",
    "IsExclusivelySoldInLuxembourg": false,
    "OrderUnit": "P",
    "ShortName": "BONI RICE THAI 2KG",
    "IsNew": false,
    "amountUnit": "kg",
    "CountryOfOriginISO": "BE",
    "servings": {
      "source": "33.0",
      "parsedValue": 33
    },
    "EcoscoreLabel": "E",
    "LongName": "BONI riz tha\u00ef 2kg",
    "RecentQuanityOfStockUnits": "1,1,6,6",
    "FicCode": "I",
    "EcoscoreValue": "11"
  },
  {
    "technicalArticleNumber": "3770304",
    "commercialArticleNumber": "16433",
    "gtin": [
      "05400141103694",
      "15400141103691"
    ],
    "productId": "318291",
    "name": "pastis sans alcool",
    "description": "*Pastis\n*Sans alcool",
    "brand": "MARIE GALANTE",
    "seoBrand": "Marie Galante",
    "thumbNail": "https://static.colruytgroup.com/images/200x200/std.lang.all/90/84/asset-1519084.jpg",
    "fullImage": "https://static.colruytgroup.com/images/500x500/std.lang.all/90/84/asset-1519084.jpg",
    "squareImage": "https://static.colruytgroup.com/images/500x500sq/std.lang.all/90/84/asset-1519084.jpg",
    "content": "1L",
    "price": {
      "basicPrice": 3.49,
      "recommendedQuantity": "1.0",
      "quantityPrice": 3.21,
      "quantityPriceQuantity": "6.0",
      "measurementUnitPrice": 3.49,
      "measurementUnitQuantityPrice": 3.21,
      "measurementUnit": "L",
      "isRedPrice": false,
      "pricePerUOM": 3.49,
      "activationDate": "23-05-2025",
      "recordSource": "Offline",
      "isPromoActive": "N",
      "priceChangeCode": "H",
      "quantityPricePerUOM": 3.21,
      "quantityActivationDate": "23-05-2025",
      "quantityPriceChangeCode": "H",
      "priceReason": "Reaction"
    },
    "isPriceAvailable": true,
    "channelAvailability": [
      "8_BE_STORE",
      "8_LU_STORE",
      "8_BE_COLLECT_NEXT_DAY",
      "8_BE_HOME_DELIVERY",
      "8_BE_HOME_DELIVERY_DRIVER"
    ],
    "businessDomain": "RETAIL_BE",
    "walkRouteSequenceNumber": 624,
    "isAvailable": true,
    "inPromo": false,
    "topCategoryName": "Boissons",
    "topCategoryId": "354",
    "categories": [
      {
        "name": "Boissons",
        "id": "354",
        "children": [
          {
            "name": "Ap\u00e9ritifs",
            "id": "399",
            "children": [
              {
                "name": "Pastis/Anisette",
                "id": "404"
              }
            ]
          }
        ]
      }
    ],
    "IsPrivateLabel": true,
    "amount": {
      "source": "1.0",
      "parsedValue": 1
    },
    "IsBiffe": false,
    "WeightconversionFactor": "0",
    "IsWeightArticle": false,
    "nutriscoreLabel": "B",
    "IsBio": false,
    "CountryOfOrigin": "FRANCE",
    "IsExclusivelySoldInLuxembourg": false,
    "OrderUnit": "P",
    "ShortName": "M.GAL PASTIS S.ALCOOL1L",
    "AlcoholDisclaimermsg": false,
    "IsNew": false,
    "amountUnit": "kg",
    "CountryOfOriginISO": "FR",
    "servings": {
      "source": "33.0",
      "parsedValue": 33
    },
    "ShowAlcoholLegalMsg": false,
    "LongName": "MARIE GALANTE pastis sans alcool 1L",
    "RecentQuanityOfStockUnits": "1",
    "AlcoholVolume": "0",
    "FicCode": "I"
  },
  {
    "technicalArticleNumber": "4810794",
    "commercialArticleNumber": "37478",
    "gtin": [
      "15400141613701",
      "05400141613704"
    ],
    "productId": "1091770",
    "name": "Bianco 14,4%",
    "brand": "MARIE GALANTE",
    "seoBrand": "Marie Galante",
    "thumbNail": "https://static.colruytgroup.com/images/200x200/std.lang.all/39/49/asset-3653949.jpg",
    "fullImage": "https://static.colruytgroup.com/images/500x500/std.lang.all/39/49/asset-3653949.jpg",
    "squareImage": "https://static.colruytgroup.com/images/500x500sq/std.lang.all/39/49/asset-3653949.jpg",
    "content": "1L",
    "price": {
      "basicPrice": 3.79,
      "recommendedQuantity": "1.0",
      "measurementUnitPrice": 3.79,
      "measurementUnit": "L",
      "isRedPrice": false,
      "pricePerUOM": 3.79,
      "activationDate": "04-06-2025",
      "recordSource": "Offline",
      "isPromoActive": "N",
      "priceChangeCode": "L",
      "priceReason": "Reaction"
    },
    "isPriceAvailable": true,
    "channelAvailability": [
      "3_BE_STORE",
      "8_BE_STORE",
      "8_LU_STORE",
      "8_BE_COLLECT_NEXT_DAY",
      "8_BE_HOME_DELIVERY",
      "8_BE_HOME_DELIVERY_DRIVER"
    ],
    "businessDomain": "RETAIL_BE",
    "walkRouteSequenceNumber": 930,
    "isAvailable": true,
    "inPromo": false,
    "topCategoryName": "Boissons",
    "topCategoryId": "354",
    "categories": [
      {
        "name": "Boissons",
        "id": "354",
        "children": [
          {
            "name": "Ap\u00e9ritifs",
            "id": "399",
            "children": [
              {
                "name": "Vermouth",
                "id": "405"
              }
            ]
          }
        ]
      }
    ],
    "IsPrivateLabel": true,
    "amount": {
      "source": "1.0",
      "parsedValue": 1
    },
    "IsBiffe": false,
    "WeightconversionFactor": "0",
    "IsWeightArticle": false,
    "IsBio": false,
    "CountryOfOrigin": "ITALIE",
    "IsExclusivelySoldInLuxembourg": false,
    "OrderUnit": "P",
    "ShortName": "MAGA BIANCO 14.4% 1L",
    "AlcoholDisclaimermsg": true,
    "IsNew": false,
    "amountUnit": "kg",
    "CountryOfOriginISO": "IT",
    "EcoscoreLabel": "D",
    "ShowAlcoholLegalMsg": true,
    "LongName": "MARIE GALANTE Bianco 14,4% 1L",
    "RecentQuanityOfStockUnits": "1,6",
    "AlcoholVolume": "14.4",
    "FicCode": "I",
    "EcoscoreValue": "36"
  },
  {
    "technicalArticleNumber": "1383556",
    "commercialArticleNumber": "19248",
    "gtin": [
      "05410316983730",
      "05410316983747"
    ],
    "productId": "9907",
    "name": "Ice Original 4%",
    "description": "*\u00c0 base de vodka\n*Pr\u00eat \u00e0 l'emploi\n*4,0% vol",
    "brand": "SMIRNOFF",
    "seoBrand": "Smirnoff",
    "thumbNail": "https://static.colruytgroup.com/images/200x200/std.lang.all/78/48/asset-337848.jpg",
    "fullImage": "https://static.colruytgroup.com/images/500x500/std.lang.all/78/48/asset-337848.jpg",
    "squareImage": "https://static.colruytgroup.com/images/500x500sq/std.lang.all/78/48/asset-337848.jpg",
    "content": "70cl",
    "price": {
      "basicPrice": 3.99,
      "recommendedQuantity": "1.0",
      "measurementUnitPrice": 5.7,
      "measurementUnit": "L",
      "isRedPrice": false,
      "pricePerUOM": 5.7,
      "activationDate": "14-05-2025",
      "recordSource": "Offline",
      "isPromoActive": "N",
      "priceChangeCode": "E",
      "priceReason": "Reaction"
    },
    "isPriceAvailable": true,
    "channelAvailability": [
      "8_BE_STORE",
      "8_BE_COLLECT_NEXT_DAY",
      "8_BE_HOME_DELIVERY",
      "8_BE_HOME_DELIVERY_DRIVER"
    ],
    "businessDomain": "RETAIL_BE",
    "walkRouteSequenceNumber": 957,
    "isAvailable": true,
    "inPromo": true,
    "promotion": [
      {
        "techPromoId": "101333COLR",
        "promotionId": "101333",
        "promotionType": "0",
        "isPersonalized": "N",
        "publicationStartDate": "04-06-2025",
        "publicationEndDate": "17-06-2025",
        "topPromo": false
      }
    ],
    "topCategoryName": "Boissons",
    "topCategoryId": "354",
    "categories": [
      {
        "name": "Boissons",
        "id": "354",
        "children": [
          {
            "name": "Ap\u00e9ritifs",
            "id": "399",
            "children": [
              {
                "name": "Cocktails pr\u00e9par\u00e9s",
                "id": "407"
              }
            ]
          }
        ]
      }
    ],
    "IsPrivateLabel": false,
    "amount": 0.7,
    "IsBiffe": false,
    "WeightconversionFactor": "0",
    "IsWeightArticle": false,
    "IsBio": false,
    "CountryOfOrigin": "ITALIE",
    "IsExclusivelySoldInLuxembourg": false,
    "OrderUnit": "P",
    "ShortName": "SMIR ICE ORIGINAL 70CL",
    "AlcoholDisclaimermsg": true,
    "IsNew": false,
    "amountUnit": "kg",
    "CountryOfOriginISO": "IT",
    "EcoscoreLabel": "C",
    "ShowAlcoholLegalMsg": true,
    "LongName": "SMIRNOFF Ice Original 4% 70cl",
    "RecentQuanityOfStockUnits": "1,6",
    "AlcoholVolume": "4",
    "FicCode": "E",
    "EcoscoreValue": "51"
  },
  {
    "technicalArticleNumber": "3732803",
    "commercialArticleNumber": "12483",
    "gtin": [
      "05400141631029",
      "15400141631026",
      "05400141101072",
      "15400141101079",
      "35400141384230",
      "05400141384239"
    ],
    "productId": "314281",
    "name": "Sherry Fino Dry 15%",
    "description": "*Sherry\n*Ap\u00e9ritif\n*15 % vol",
    "brand": "MARIE GALANTE",
    "seoBrand": "Marie Galante",
    "thumbNail": "https://static.colruytgroup.com/images/200x200/std.lang.all/16/54/asset-2511654.jpg",
    "fullImage": "https://static.colruytgroup.com/images/500x500/std.lang.all/16/54/asset-2511654.jpg",
    "squareImage": "https://static.colruytgroup.com/images/500x500sq/std.lang.all/16/54/asset-2511654.jpg",
    "content": "75cl",
    "price": {
      "basicPrice": 3.99,
      "recommendedQuantity": "1.0",
      "measurementUnitPrice": 5.32,
      "measurementUnit": "L",
      "isRedPrice": false,
      "pricePerUOM": 5.32,
      "activationDate": "26-12-2024",
      "recordSource": "Offline",
      "isPromoActive": "N",
      "priceChangeCode": "E",
      "priceReason": "Reaction"
    },
    "isPriceAvailable": true,
    "channelAvailability": [
      "3_BE_STORE",
      "8_BE_STORE",
      "8_LU_STORE",
      "8_BE_COLLECT_NEXT_DAY",
      "8_BE_HOME_DELIVERY",
      "8_BE_HOME_DELIVERY_DRIVER"
    ],
    "businessDomain": "RETAIL_BE",
    "walkRouteSequenceNumber": 698,
    "isAvailable": true,
    "inPromo": false,
    "topCategoryName": "Boissons",
    "topCategoryId": "354",
    "categories": [
      {
        "name": "Boissons",
        "id": "354",
        "children": [
          {
            "name": "Ap\u00e9ritifs",
            "id": "399",
            "children": [
              {
                "name": "Sherry",
                "id": "402"
              }
            ]
          }
        ]
      }
    ],
    "IsPrivateLabel": true,
    "amount": 0.75,
    "IsBiffe": false,
    "WeightconversionFactor": "0",
    "IsWeightArticle": false,
    "IsBio": false,
    "CountryOfOrigin": "ESPAGNE",
    "IsExclusivelySoldInLuxembourg": false,
    "OrderUnit": "P",
    "ShortName": "MAGA FINO DRY SHERRY75C",
    "AlcoholDisclaimermsg": true,
    "IsNew": false,
    "amountUnit": "kg",
    "CountryOfOriginISO": "ES",
    "EcoscoreLabel": "C",
    "ShowAlcoholLegalMsg": true,
    "LongName": "MARIE GALANTE Sherry Fino Dry 15% 75cl",
    "RecentQuanityOfStockUnits": "1,6,1",
    "AlcoholVolume": "15",
    "FicCode": "I",
    "EcoscoreValue": "49"
  },
  {
    "technicalArticleNumber": "4810815",
    "commercialArticleNumber": "37480",
    "gtin": [
      "15400141613718",
      "05400141613711"
    ],
    "productId": "1091791",
    "name": "Rosso 14,4%",
    "brand": "MARIE GALANTE",
    "seoBrand": "Marie Galante",
    "thumbNail": "https://static.colruytgroup.com/images/200x200/std.lang.all/52/48/asset-3625248.jpg",
    "fullImage": "https://static.colruytgroup.com/images/500x500/std.lang.all/52/48/asset-3625248.jpg",
    "squareImage": "https://static.colruytgroup.com/images/500x500sq/std.lang.all/52/48/asset-3625248.jpg",
    "content": "1L",
    "price": {
      "basicPrice": 3.99,
      "recommendedQuantity": "1.0",
      "measurementUnitPrice": 3.99,
      "measurementUnit": "L",
      "isRedPrice": false,
      "pricePerUOM": 3.99,
      "activationDate": "12-05-2025",
      "recordSource": "Offline",
      "isPromoActive": "N",
      "priceChangeCode": "E",
      "priceReason": "Reaction"
    },
    "isPriceAvailable": true,
    "channelAvailability": [
      "8_BE_STORE",
      "8_LU_STORE",
      "8_BE_COLLECT_NEXT_DAY",
      "8_BE_HOME_DELIVERY",
      "8_BE_HOME_DELIVERY_DRIVER"
    ],
    "businessDomain": "RETAIL_BE",
    "walkRouteSequenceNumber": 929,
    "isAvailable": true,
    "inPromo": false,
    "topCategoryName": "Boissons",
    "topCategoryId": "354",
    "categories": [
      {
        "name": "Boissons",
        "id": "354",
        "children": [
          {
            "name": "Ap\u00e9ritifs",
            "id": "399",
            "children": [
              {
                "name": "Vermouth",
                "id": "405"
              }
            ]
          }
        ]
      }
    ],
    "IsPrivateLabel": true,
    "amount": {
      "source": "1.0",
      "parsedValue": 1
    },
    "IsBiffe": false,
    "WeightconversionFactor": "0",
    "IsWeightArticle": false,
    "IsBio": false,
    "CountryOfOrigin": "ITALIE",
    "IsExclusivelySoldInLuxembourg": false,
    "OrderUnit": "P",
    "ShortName": "MAGA ROSSO 14.4% 1L",
    "AlcoholDisclaimermsg": true,
    "IsNew": false,
    "amountUnit": "kg",
    "CountryOfOriginISO": "IT",
    "EcoscoreLabel": "D",
    "ShowAlcoholLegalMsg": true,
    "LongName": "MARIE GALANTE Rosso 14,4% 1L",
    "RecentQuanityOfStockUnits": "1,6",
    "AlcoholVolume": "14.4",
    "FicCode": "I",
    "EcoscoreValue": "36"
  },
  {
    "technicalArticleNumber": "19030",
    "commercialArticleNumber": "19030",
    "gtin": [
      "05400141013672",
      "15400141013679"
    ],
    "productId": "1283",
    "name": "Porto Ruby 19,0%",
    "description": "*Porto ruby\n*Ap\u00e9ritif\n*19,0 % vol",
    "brand": "EVERYDAY",
    "seoBrand": "Everyday",
    "thumbNail": "https://static.colruytgroup.com/images/200x200/std.lang.all/38/80/asset-3223880.jpg",
    "fullImage": "https://static.colruytgroup.com/images/500x500/std.lang.all/38/80/asset-3223880.jpg",
    "squareImage": "https://static.colruytgroup.com/images/500x500sq/std.lang.all/38/80/asset-3223880.jpg",
    "content": "75cl",
    "price": {
      "basicPrice": 4.69,
      "recommendedQuantity": "1.0",
      "measurementUnitPrice": 6.26,
      "measurementUnit": "L",
      "isRedPrice": false,
      "pricePerUOM": 6.26,
      "activationDate": "14-11-2023",
      "recordSource": "Offline",
      "isPromoActive": "N",
      "priceChangeCode": "E",
      "priceReason": "Reaction"
    },
    "isPriceAvailable": true,
    "channelAvailability": [
      "3_BE_STORE",
      "8_BE_STORE",
      "8_LU_STORE",
      "8_BE_COLLECT_NEXT_DAY",
      "8_BE_HOME_DELIVERY",
      "8_BE_HOME_DELIVERY_DRIVER"
    ],
    "businessDomain": "RETAIL_BE",
    "walkRouteSequenceNumber": 719,
    "isAvailable": true,
    "inPromo": false,
    "topCategoryName": "Boissons",
    "topCategoryId": "354",
    "categories": [
      {
        "name": "Boissons",
        "id": "354",
        "children": [
          {
            "name": "Ap\u00e9ritifs",
            "id": "399",
            "children": [
              {
                "name": "Porto",
                "id": "400"
              }
            ]
          }
        ]
      }
    ],
    "IsPrivateLabel": true,
    "amount": 0.75,
    "IsBiffe": false,
    "WeightconversionFactor": "0",
    "IsWeightArticle": false,
    "IsBio": false,
    "CountryOfOrigin": "PORTUGAL",
    "IsExclusivelySoldInLuxembourg": false,
    "OrderUnit": "P",
    "ShortName": "EVD PORTO ROUG 75C",
    "AlcoholDisclaimermsg": true,
    "IsNew": false,
    "amountUnit": "kg",
    "CountryOfOriginISO": "PT",
    "EcoscoreLabel": "D",
    "ShowAlcoholLegalMsg": true,
    "LongName": "EVERYDAY Porto Ruby 19,0% 75cl",
    "RecentQuanityOfStockUnits": "1,12",
    "AlcoholVolume": "19",
    "FicCode": "I",
    "EcoscoreValue": "39"
  },
  {
    "technicalArticleNumber": "19032",
    "commercialArticleNumber": "19032",
    "gtin": [
      "05010867202702",
      "05400141013696",
      "15400141013693"
    ],
    "productId": "1284",
    "name": "Porto White 19%",
    "description": "*Porto blanc\n*Ap\u00e9ritif\n*19,0 % vol",
    "brand": "EVERYDAY",
    "seoBrand": "Everyday",
    "thumbNail": "https://static.colruytgroup.com/images/200x200/std.lang.all/38/81/asset-3223881.jpg",
    "fullImage": "https://static.colruytgroup.com/images/500x500/std.lang.all/38/81/asset-3223881.jpg",
    "squareImage": "https://static.colruytgroup.com/images/500x500sq/std.lang.all/38/81/asset-3223881.jpg",
    "content": "75cl",
    "price": {
      "basicPrice": 4.69,
      "recommendedQuantity": "1.0",
      "measurementUnitPrice": 6.26,
      "measurementUnit": "L",
      "isRedPrice": false,
      "pricePerUOM": 6.26,
      "activationDate": "19-05-2025",
      "recordSource": "Offline",
      "isPromoActive": "N",
      "priceChangeCode": "E",
      "priceReason": "Reaction"
    },
    "isPriceAvailable": true,
    "channelAvailability": [
      "3_BE_STORE",
      "8_BE_STORE",
      "8_LU_STORE",
      "8_BE_COLLECT_NEXT_DAY",
      "8_BE_HOME_DELIVERY",
      "8_BE_HOME_DELIVERY_DRIVER"
    ],
    "businessDomain": "RETAIL_BE",
    "walkRouteSequenceNumber": 697,
    "isAvailable": true,
    "inPromo": false,
    "topCategoryName": "Boissons",
    "topCategoryId": "354",
    "categories": [
      {
        "name": "Boissons",
        "id": "354",
        "children": [
          {
            "name": "Ap\u00e9ritifs",
            "id": "399",
            "children": [
              {
                "name": "Porto",
                "id": "400"
              }
            ]
          }
        ]
      }
    ],
    "IsPrivateLabel": true,
    "amount": 0.75,
    "IsBiffe": false,
    "WeightconversionFactor": "0",
    "IsWeightArticle": false,
    "IsBio": false,
    "CountryOfOrigin": "PORTUGAL",
    "IsExclusivelySoldInLuxembourg": false,
    "OrderUnit": "P",
    "ShortName": "EVD PORTO BLANC 75CL",
    "AlcoholDisclaimermsg": true,
    "IsNew": false,
    "amountUnit": "kg",
    "CountryOfOriginISO": "PT",
    "EcoscoreLabel": "D",
    "ShowAlcoholLegalMsg": true,
    "LongName": "EVERYDAY Porto White 19% 75cl",
    "RecentQuanityOfStockUnits": "12,1",
    "AlcoholVolume": "19",
    "FicCode": "I",
    "EcoscoreValue": "39"
  },
  {
    "technicalArticleNumber": "3944004",
    "commercialArticleNumber": "1566",
    "gtin": [
      "05411718911734",
      "05411718911727"
    ],
    "productId": "419650",
    "name": "Framboise 0.0%",
    "description": "*Cidre\n*Go\u00fbt framboise\n*0.0% vol",
    "brand": "STASSEN",
    "seoBrand": "Stassen",
    "thumbNail": "https://static.colruytgroup.com/images/200x200/std.lang.all/07/64/asset-1760764.jpg",
    "fullImage": "https://static.colruytgroup.com/images/500x500/std.lang.all/07/64/asset-1760764.jpg",
    "squareImage": "https://static.colruytgroup.com/images/500x500sq/std.lang.all/07/64/asset-1760764.jpg",
    "content": "75cl",
    "price": {
      "basicPrice": 4.69,
      "recommendedQuantity": "1.0",
      "quantityPrice": 4.5,
      "quantityPriceQuantity": "6.0",
      "measurementUnitPrice": 6.26,
      "measurementUnitQuantityPrice": {
        "source": "6.0",
        "parsedValue": 6
      },
      "measurementUnit": "L",
      "isRedPrice": false,
      "pricePerUOM": 6.26,
      "activationDate": "22-05-2025",
      "recordSource": "Offline",
      "isPromoActive": "N",
      "priceChangeCode": "H",
      "quantityPricePerUOM": {
        "source": "6.0",
        "parsedValue": 6
      },
      "quantityActivationDate": "22-05-2025",
      "quantityPriceChangeCode": "H",
      "priceReason": "Reaction"
    },
    "isPriceAvailable": true,
    "channelAvailability": [
      "8_BE_STORE",
      "8_LU_STORE",
      "8_BE_COLLECT_NEXT_DAY",
      "8_BE_HOME_DELIVERY",
      "8_BE_HOME_DELIVERY_DRIVER"
    ],
    "businessDomain": "RETAIL_BE",
    "walkRouteSequenceNumber": 550,
    "isAvailable": true,
    "inPromo": false,
    "topCategoryName": "Boissons",
    "topCategoryId": "354",
    "categories": [
      {
        "name": "Boissons",
        "id": "354",
        "children": [
          {
            "name": "Ap\u00e9ritifs",
            "id": "399",
            "children": [
              {
                "name": "Cidres",
                "id": "409"
              }
            ]
          }
        ]
      }
    ],
    "IsPrivateLabel": false,
    "amount": 0.75,
    "IsBiffe": false,
    "WeightconversionFactor": "0",
    "IsWeightArticle": false,
    "nutriscoreLabel": "D",
    "IsBio": false,
    "CountryOfOrigin": "BELGIQUE",
    "IsExclusivelySoldInLuxembourg": false,
    "OrderUnit": "P",
    "ShortName": "STAS FRAMBOISE 0.0%75CL",
    "IsNew": false,
    "amountUnit": "kg",
    "CountryOfOriginISO": "BE",
    "EcoscoreLabel": "B",
    "LongName": "STASSEN Framboise 0.0% 75cl",
    "RecentQuanityOfStockUnits": "1,6",
    "FicCode": "E",
    "EcoscoreValue": "66"
  },
  {
    "technicalArticleNumber": "4887580",
    "commercialArticleNumber": "39340",
    "gtin": [
      "05425030343289",
      "05425030343296"
    ],
    "productId": "1264444",
    "name": "Mojito Strawberry 0%",
    "description": "*Ap\u00e9ritif\n*Sans alcool",
    "brand": "NIGHT ORIENT",
    "seoBrand": "Night Orient",
    "thumbNail": "https://static.colruytgroup.com/images/200x200/std.lang.all/54/50/asset-3775450.jpg",
    "fullImage": "https://static.colruytgroup.com/images/500x500/std.lang.all/54/50/asset-3775450.jpg",
    "squareImage": "https://static.colruytgroup.com/images/500x500sq/std.lang.all/54/50/asset-3775450.jpg",
    "price": {
      "basicPrice": 5.15,
      "recommendedQuantity": "1.0",
      "measurementUnitPrice": 6.87,
      "measurementUnit": "L",
      "isRedPrice": false,
      "pricePerUOM": 6.87,
      "activationDate": "04-06-2025",
      "recordSource": "Offline",
      "isPromoActive": "N",
      "priceChangeCode": "E",
      "priceReason": "Reaction"
    },
    "isPriceAvailable": true,
    "channelAvailability": [
      "8_BE_STORE",
      "8_LU_STORE",
      "8_BE_COLLECT_NEXT_DAY",
      "8_BE_HOME_DELIVERY",
      "8_BE_HOME_DELIVERY_DRIVER"
    ],
    "businessDomain": "RETAIL_BE",
    "walkRouteSequenceNumber": 598,
    "isAvailable": true,
    "inPromo": true,
    "promotion": [
      {
        "techPromoId": "101278COLR",
        "promotionId": "101278",
        "promotionType": "3",
        "isPersonalized": "N",
        "publicationStartDate": "04-06-2025",
        "publicationEndDate": "17-06-2025",
        "topPromo": false
      }
    ],
    "topCategoryName": "Boissons",
    "topCategoryId": "354",
    "categories": [
      {
        "name": "Boissons",
        "id": "354",
        "children": [
          {
            "name": "Ap\u00e9ritifs",
            "id": "399",
            "children": [
              {
                "name": "Ap\u00e9ritifs sans alcool",
                "id": "411"
              }
            ]
          }
        ]
      }
    ],
    "IsPrivateLabel": false,
    "amount": 0.75,
    "IsBiffe": false,
    "WeightconversionFactor": "0",
    "IsWeightArticle": false,
    "nutriscoreLabel": "D",
    "IsBio": false,
    "CountryOfOrigin": "BELGIQUE",
    "IsExclusivelySoldInLuxembourg": false,
    "OrderUnit": "P",
    "ShortName": "NIOR MOJITO STRAWB0%75C",
    "AlcoholDisclaimermsg": false,
    "IsNew": false,
    "amountUnit": "kg",
    "CountryOfOriginISO": "BE",
    "ShowAlcoholLegalMsg": false,
    "LongName": "NIGHT ORIENT Mojito Strawberry 0%",
    "RecentQuanityOfStockUnits": "1,6",
    "AlcoholVolume": "0",
    "FicCode": "E"
  },
  {
    "technicalArticleNumber": "4693419",
    "commercialArticleNumber": "15868",
    "gtin": [
      "05425030341216",
      "05425030341209"
    ],
    "productId": "847101",
    "name": "Mojito Alcohol Free",
    "description": "*Ap\u00e9ritif\n*Sans alcool",
    "brand": "NIGHT ORIENT",
    "seoBrand": "Night Orient",
    "thumbNail": "https://static.colruytgroup.com/images/200x200/std.lang.all/06/62/asset-3030662.jpg",
    "fullImage": "https://static.colruytgroup.com/images/500x500/std.lang.all/06/62/asset-3030662.jpg",
    "squareImage": "https://static.colruytgroup.com/images/500x500sq/std.lang.all/06/62/asset-3030662.jpg",
    "content": "75cl",
    "price": {
      "basicPrice": 5.19,
      "recommendedQuantity": "1.0",
      "measurementUnitPrice": 6.92,
      "measurementUnit": "L",
      "isRedPrice": false,
      "pricePerUOM": 6.92,
      "activationDate": "04-06-2025",
      "recordSource": "Offline",
      "isPromoActive": "N",
      "priceChangeCode": "E",
      "priceReason": "Reaction"
    },
    "isPriceAvailable": true,
    "channelAvailability": [
      "8_BE_STORE",
      "8_LU_STORE",
      "8_BE_COLLECT_NEXT_DAY",
      "8_BE_HOME_DELIVERY",
      "8_BE_HOME_DELIVERY_DRIVER"
    ],
    "businessDomain": "RETAIL_BE",
    "walkRouteSequenceNumber": 599,
    "isAvailable": true,
    "inPromo": true,
    "promotion": [
      {
        "techPromoId": "101278COLR",
        "promotionId": "101278",
        "promotionType": "3",
        "isPersonalized": "N",
        "publicationStartDate": "04-06-2025",
        "publicationEndDate": "17-06-2025",
        "topPromo": false
      }
    ],
    "topCategoryName": "Boissons",
    "topCategoryId": "354",
    "categories": [
      {
        "name": "Boissons",
        "id": "354",
        "children": [
          {
            "name": "Ap\u00e9ritifs",
            "id": "399",
            "children": [
              {
                "name": "Ap\u00e9ritifs sans alcool",
                "id": "411"
              }
            ]
          }
        ]
      }
    ],
    "IsPrivateLabel": false,
    "amount": 0.75,
    "IsBiffe": false,
    "WeightconversionFactor": "0",
    "IsWeightArticle": false,
    "nutriscoreLabel": "D",
    "IsBio": false,
    "CountryOfOrigin": "BELGIQUE",
    "IsExclusivelySoldInLuxembourg": false,
    "OrderUnit": "P",
    "ShortName": "NIOR MOJITO 0% 75CL",
    "AlcoholDisclaimermsg": false,
    "IsNew": false,
    "amountUnit": "kg",
    "CountryOfOriginISO": "BE",
    "ShowAlcoholLegalMsg": false,
    "LongName": "NIGHT ORIENT Mojito Alcohol Free 75cl",
    "RecentQuanityOfStockUnits": "1,6",
    "AlcoholVolume": "0",
    "FicCode": "E"
  },
  {
    "technicalArticleNumber": "4696282",
    "commercialArticleNumber": "30739",
    "gtin": [
      "05425030341728",
      "05425030341735"
    ],
    "productId": "848933",
    "name": "Spritz Alcohol Free",
    "description": "*Ap\u00e9ritif\n*Sans alcool",
    "brand": "NIGHT ORIENT",
    "seoBrand": "Night Orient",
    "thumbNail": "https://static.colruytgroup.com/images/200x200/std.lang.all/11/03/asset-3261103.jpg",
    "fullImage": "https://static.colruytgroup.com/images/500x500/std.lang.all/11/03/asset-3261103.jpg",
    "squareImage": "https://static.colruytgroup.com/images/500x500sq/std.lang.all/11/03/asset-3261103.jpg",
    "content": "75cl",
    "price": {
      "basicPrice": 5.19,
      "recommendedQuantity": "1.0",
      "measurementUnitPrice": 6.92,
      "measurementUnit": "L",
      "isRedPrice": false,
      "pricePerUOM": 6.92,
      "activationDate": "04-06-2025",
      "recordSource": "Offline",
      "isPromoActive": "N",
      "priceChangeCode": "E",
      "priceReason": "Reaction"
    },
    "isPriceAvailable": true,
    "channelAvailability": [
      "8_BE_STORE",
      "8_LU_STORE",
      "8_BE_COLLECT_NEXT_DAY",
      "8_BE_HOME_DELIVERY_DRIVER"
    ],
    "businessDomain": "RETAIL_BE",
    "walkRouteSequenceNumber": 597,
    "isAvailable": true,
    "inPromo": true,
    "promotion": [
      {
        "techPromoId": "101278COLR",
        "promotionId": "101278",
        "promotionType": "3",
        "isPersonalized": "N",
        "publicationStartDate": "04-06-2025",
        "publicationEndDate": "17-06-2025",
        "topPromo": false
      }
    ],
    "topCategoryName": "Boissons",
    "topCategoryId": "354",
    "categories": [
      {
        "name": "Boissons",
        "id": "354",
        "children": [
          {
            "name": "Ap\u00e9ritifs",
            "id": "399",
            "children": [
              {
                "name": "Ap\u00e9ritifs sans alcool",
                "id": "411"
              }
            ]
          }
        ]
      }
    ],
    "IsPrivateLabel": false,
    "amount": 0.75,
    "IsBiffe": false,
    "WeightconversionFactor": "0",
    "IsWeightArticle": false,
    "IsBio": false,
    "CountryOfOrigin": "BELGIQUE",
    "IsExclusivelySoldInLuxembourg": false,
    "OrderUnit": "P",
    "ShortName": "NIOR SPRITZ 0% 75CL",
    "AlcoholDisclaimermsg": false,
    "IsNew": false,
    "amountUnit": "kg",
    "CountryOfOriginISO": "BE",
    "ShowAlcoholLegalMsg": false,
    "LongName": "NIGHT ORIENT Spritz Alcohol Free 75cl",
    "RecentQuanityOfStockUnits": "1,6",
    "AlcoholVolume": "0",
    "FicCode": "E"
  },
  {
    "technicalArticleNumber": "4696283",
    "commercialArticleNumber": "30741",
    "gtin": [
      "05425030341230",
      "05425030341223"
    ],
    "productId": "848934",
    "name": "Bellini Alcohol Free",
    "description": "*Ap\u00e9ritif\n*Sans alcool",
    "brand": "NIGHT ORIENT",
    "seoBrand": "Night Orient",
    "thumbNail": "https://static.colruytgroup.com/images/200x200/std.lang.all/88/60/asset-3268860.jpg",
    "fullImage": "https://static.colruytgroup.com/images/500x500/std.lang.all/88/60/asset-3268860.jpg",
    "squareImage": "https://static.colruytgroup.com/images/500x500sq/std.lang.all/88/60/asset-3268860.jpg",
    "content": "75cl",
    "price": {
      "basicPrice": 5.19,
      "recommendedQuantity": "1.0",
      "measurementUnitPrice": 6.92,
      "measurementUnit": "L",
      "isRedPrice": false,
      "pricePerUOM": 6.92,
      "activationDate": "04-06-2025",
      "isPromoActive": "Y",
      "priceChangeCode": "E",
      "priceReason": "Promo"
    },
    "isPriceAvailable": true,
    "channelAvailability": [
      "8_BE_STORE",
      "8_LU_STORE",
      "8_BE_COLLECT_NEXT_DAY",
      "8_BE_HOME_DELIVERY",
      "8_BE_HOME_DELIVERY_DRIVER"
    ],
    "businessDomain": "RETAIL_BE",
    "walkRouteSequenceNumber": 600,
    "isAvailable": true,
    "inPromo": true,
    "promotion": [
      {
        "techPromoId": "101278COLR",
        "promotionId": "101278",
        "promotionType": "3",
        "isPersonalized": "N",
        "publicationStartDate": "04-06-2025",
        "publicationEndDate": "17-06-2025",
        "topPromo": false
      }
    ],
    "topCategoryName": "Boissons",
    "topCategoryId": "354",
    "categories": [
      {
        "name": "Boissons",
        "id": "354",
        "children": [
          {
            "name": "Ap\u00e9ritifs",
            "id": "399",
            "children": [
              {
                "name": "Ap\u00e9ritifs sans alcool",
                "id": "411"
              }
            ]
          }
        ]
      }
    ],
    "IsPrivateLabel": false,
    "amount": 0.75,
    "IsBiffe": false,
    "WeightconversionFactor": "0",
    "IsWeightArticle": false,
    "nutriscoreLabel": "E",
    "IsBio": false,
    "CountryOfOrigin": "BELGIQUE",
    "IsExclusivelySoldInLuxembourg": false,
    "OrderUnit": "P",
    "ShortName": "NIOR BELLINI 0% 75CL",
    "AlcoholDisclaimermsg": false,
    "IsNew": false,
    "amountUnit": "kg",
    "CountryOfOriginISO": "BE",
    "ShowAlcoholLegalMsg": false,
    "LongName": "NIGHT ORIENT Bellini Alcohol Free 75cl",
    "RecentQuanityOfStockUnits": "1,6",
    "AlcoholVolume": "0",
    "FicCode": "E"
  },
  {
    "technicalArticleNumber": "4696285",
    "commercialArticleNumber": "30743",
    "gtin": [
      "05425030341742",
      "05425030341759"
    ],
    "productId": "848936",
    "name": "Pina Colada Alc. Free",
    "description": "*Ap\u00e9ritif\n*Sans alcool",
    "brand": "NIGHT ORIENT",
    "seoBrand": "Night Orient",
    "thumbNail": "https://static.colruytgroup.com/images/200x200/std.lang.all/33/91/asset-3143391.jpg",
    "fullImage": "https://static.colruytgroup.com/images/500x500/std.lang.all/33/91/asset-3143391.jpg",
    "squareImage": "https://static.colruytgroup.com/images/500x500sq/std.lang.all/33/91/asset-3143391.jpg",
    "content": "70cl",
    "price": {
      "basicPrice": 5.19,
      "recommendedQuantity": "1.0",
      "measurementUnitPrice": 7.42,
      "measurementUnit": "L",
      "isRedPrice": false,
      "pricePerUOM": 7.42,
      "activationDate": "04-06-2025",
      "recordSource": "Offline",
      "isPromoActive": "N",
      "priceChangeCode": "E",
      "priceReason": "Reaction"
    },
    "isPriceAvailable": true,
    "channelAvailability": [
      "8_BE_STORE",
      "8_LU_STORE",
      "8_BE_COLLECT_NEXT_DAY",
      "8_BE_HOME_DELIVERY",
      "8_BE_HOME_DELIVERY_DRIVER"
    ],
    "businessDomain": "RETAIL_BE",
    "walkRouteSequenceNumber": 602,
    "isAvailable": true,
    "inPromo": true,
    "promotion": [
      {
        "techPromoId": "101278COLR",
        "promotionId": "101278",
        "promotionType": "3",
        "isPersonalized": "N",
        "publicationStartDate": "04-06-2025",
        "publicationEndDate": "17-06-2025",
        "topPromo": false
      }
    ],
    "topCategoryName": "Boissons",
    "topCategoryId": "354",
    "categories": [
      {
        "name": "Boissons",
        "id": "354",
        "children": [
          {
            "name": "Ap\u00e9ritifs",
            "id": "399",
            "children": [
              {
                "name": "Ap\u00e9ritifs sans alcool",
                "id": "411"
              }
            ]
          }
        ]
      }
    ],
    "IsPrivateLabel": false,
    "amount": 0.7,
    "IsBiffe": false,
    "WeightconversionFactor": "0",
    "IsWeightArticle": false,
    "nutriscoreLabel": "D",
    "IsBio": false,
    "CountryOfOrigin": "BELGIQUE",
    "IsExclusivelySoldInLuxembourg": false,
    "OrderUnit": "P",
    "ShortName": "NIOR PINA COL 0% 70CL",
    "AlcoholDisclaimermsg": false,
    "IsNew": false,
    "amountUnit": "kg",
    "CountryOfOriginISO": "BE",
    "ShowAlcoholLegalMsg": false,
    "LongName": "NIGHT ORIENT Pina Colada Alc. Free 70cl",
    "RecentQuanityOfStockUnits": "1,6",
    "AlcoholVolume": "0",
    "FicCode": "E"
  },
  {
    "technicalArticleNumber": "19004",
    "commercialArticleNumber": "19004",
    "gtin": [
      "05400141203288",
      "15400141388005"
    ],
    "productId": "1382",
    "name": "Moscatel Valencia 15%",
    "description": "*Vin de liqueur\n*Ap\u00e9ritif\n*15,0 % vol",
    "brand": "MARIE GALANTE",
    "seoBrand": "Marie Galante",
    "thumbNail": "https://static.colruytgroup.com/images/200x200/std.lang.all/90/08/asset-1479008.jpg",
    "fullImage": "https://static.colruytgroup.com/images/500x500/std.lang.all/90/08/asset-1479008.jpg",
    "squareImage": "https://static.colruytgroup.com/images/500x500sq/std.lang.all/90/08/asset-1479008.jpg",
    "content": "75cl",
    "price": {
      "basicPrice": 5.29,
      "recommendedQuantity": "1.0",
      "quantityPrice": 5.08,
      "quantityPriceQuantity": "6.0",
      "measurementUnitPrice": 7.06,
      "measurementUnitQuantityPrice": 6.78,
      "measurementUnit": "L",
      "isRedPrice": false,
      "pricePerUOM": 7.06,
      "activationDate": "09-04-2025",
      "recordSource": "Offline",
      "isPromoActive": "N",
      "priceChangeCode": "E",
      "quantityPricePerUOM": 6.78,
      "quantityActivationDate": "09-04-2025",
      "quantityPriceChangeCode": "E",
      "priceReason": "Reaction"
    },
    "isPriceAvailable": true,
    "channelAvailability": [
      "3_BE_STORE",
      "8_BE_STORE",
      "8_LU_STORE",
      "8_BE_COLLECT_NEXT_DAY",
      "8_BE_HOME_DELIVERY_DRIVER"
    ],
    "businessDomain": "RETAIL_BE",
    "walkRouteSequenceNumber": 672,
    "isAvailable": true,
    "inPromo": false,
    "topCategoryName": "Boissons",
    "topCategoryId": "354",
    "categories": [
      {
        "name": "Boissons",
        "id": "354",
        "children": [
          {
            "name": "Ap\u00e9ritifs",
            "id": "399",
            "children": [
              {
                "name": "Ap\u00e9ritifs/Vins de liqueur",
                "id": "403"
              }
            ]
          }
        ]
      }
    ],
    "IsPrivateLabel": true,
    "amount": 0.75,
    "IsBiffe": false,
    "WeightconversionFactor": "0",
    "IsWeightArticle": false,
    "IsBio": false,
    "CountryOfOrigin": "BELGIQUE",
    "IsExclusivelySoldInLuxembourg": false,
    "OrderUnit": "P",
    "ShortName": "MUSCAT DE VALENCE 75CL",
    "AlcoholDisclaimermsg": true,
    "IsNew": false,
    "amountUnit": "kg",
    "CountryOfOriginISO": "BE",
    "EcoscoreLabel": "D",
    "ShowAlcoholLegalMsg": true,
    "LongName": "MARIE GALANTE Moscatel Valencia 15% 75cl",
    "RecentQuanityOfStockUnits": "1,6",
    "AlcoholVolume": "15",
    "FicCode": "I",
    "EcoscoreValue": "27"
  },
  {
    "technicalArticleNumber": "3734894",
    "commercialArticleNumber": "41460",
    "gtin": [
      "05400141477276",
      "05400141035445",
      "05400141416602",
      "15400141416609",
      "15400141477273"
    ],
    "productId": "337387",
    "name": "Cr\u00e8me de Cassis 15%",
    "description": "*Liqueur\n*15 % vol",
    "brand": "MARIE GALANTE",
    "seoBrand": "Marie Galante",
    "thumbNail": "https://static.colruytgroup.com/images/200x200/std.lang.all/43/70/asset-3704370.jpg",
    "fullImage": "https://static.colruytgroup.com/images/500x500/std.lang.all/43/70/asset-3704370.jpg",
    "squareImage": "https://static.colruytgroup.com/images/500x500sq/std.lang.all/43/70/asset-3704370.jpg",
    "content": "50cl",
    "price": {
      "basicPrice": 5.7,
      "recommendedQuantity": "1.0",
      "measurementUnitPrice": 11.4,
      "measurementUnit": "L",
      "isRedPrice": false,
      "pricePerUOM": 11.4,
      "activationDate": "18-04-2025",
      "recordSource": "Offline",
      "isPromoActive": "N",
      "priceChangeCode": "E",
      "priceReason": "Reaction"
    },
    "isPriceAvailable": true,
    "channelAvailability": [
      "3_BE_STORE",
      "8_BE_STORE",
      "8_LU_STORE",
      "8_BE_COLLECT_NEXT_DAY",
      "8_BE_HOME_DELIVERY",
      "8_BE_HOME_DELIVERY_DRIVER"
    ],
    "businessDomain": "RETAIL_BE",
    "walkRouteSequenceNumber": 966,
    "isAvailable": true,
    "inPromo": false,
    "topCategoryName": "Boissons",
    "topCategoryId": "354",
    "categories": [
      {
        "name": "Boissons",
        "id": "354",
        "children": [
          {
            "name": "Ap\u00e9ritifs",
            "id": "399",
            "children": [
              {
                "name": "Autres ap\u00e9ritifs",
                "id": "408"
              }
            ]
          }
        ]
      }
    ],
    "IsPrivateLabel": true,
    "amount": 0.5,
    "IsBiffe": false,
    "WeightconversionFactor": "0",
    "IsWeightArticle": false,
    "IsBio": false,
    "CountryOfOrigin": "FRANCE",
    "IsExclusivelySoldInLuxembourg": false,
    "OrderUnit": "P",
    "ShortName": "MAGA CREME CASSIS15%50C",
    "AlcoholDisclaimermsg": true,
    "IsNew": false,
    "amountUnit": "kg",
    "CountryOfOriginISO": "FR",
    "EcoscoreLabel": "C",
    "ShowAlcoholLegalMsg": true,
    "LongName": "MARIE GALANTE Cr\u00e8me de Cassis 15% 50cl",
    "RecentQuanityOfStockUnits": "1",
    "AlcoholVolume": "15",
    "FicCode": "I",
    "EcoscoreValue": "50"
  },
  {
    "technicalArticleNumber": "3092337",
    "commercialArticleNumber": "41632",
    "gtin": [
      "05411353621036",
      "15411353621033"
    ],
    "productId": "110906",
    "name": "Bitter 0%",
    "description": "*Bitter\n*Ap\u00e9ritif\n*Sans alcool",
    "brand": "FUNNY",
    "seoBrand": "Funny",
    "thumbNail": "https://static.colruytgroup.com/images/200x200/std.lang.all/77/80/asset-3137780.jpg",
    "fullImage": "https://static.colruytgroup.com/images/500x500/std.lang.all/77/80/asset-3137780.jpg",
    "squareImage": "https://static.colruytgroup.com/images/500x500sq/std.lang.all/77/80/asset-3137780.jpg",
    "content": "70cl",
    "price": {
      "basicPrice": 5.99,
      "recommendedQuantity": "1.0",
      "quantityPrice": 5.75,
      "quantityPriceQuantity": "6.0",
      "measurementUnitPrice": 8.56,
      "measurementUnitQuantityPrice": 8.22,
      "measurementUnit": "L",
      "isRedPrice": false,
      "pricePerUOM": 8.56,
      "activationDate": "23-05-2025",
      "recordSource": "Offline",
      "isPromoActive": "N",
      "priceChangeCode": "H",
      "quantityPricePerUOM": 8.22,
      "quantityActivationDate": "23-05-2025",
      "quantityPriceChangeCode": "E",
      "priceReason": "Reaction"
    },
    "isPriceAvailable": true,
    "channelAvailability": [
      "8_BE_STORE",
      "8_LU_STORE",
      "8_BE_COLLECT_NEXT_DAY",
      "8_BE_HOME_DELIVERY",
      "8_BE_HOME_DELIVERY_DRIVER"
    ],
    "businessDomain": "RETAIL_BE",
    "walkRouteSequenceNumber": 621,
    "isAvailable": true,
    "inPromo": false,
    "topCategoryName": "Boissons",
    "topCategoryId": "354",
    "categories": [
      {
        "name": "Boissons",
        "id": "354",
        "children": [
          {
            "name": "Ap\u00e9ritifs",
            "id": "399",
            "children": [
              {
                "name": "Ap\u00e9ritifs sans alcool",
                "id": "411"
              }
            ]
          }
        ]
      }
    ],
    "IsPrivateLabel": false,
    "amount": 0.7,
    "IsBiffe": false,
    "WeightconversionFactor": "0",
    "IsWeightArticle": false,
    "nutriscoreLabel": "E",
    "IsBio": false,
    "CountryOfOrigin": "BELGIQUE",
    "IsExclusivelySoldInLuxembourg": false,
    "OrderUnit": "P",
    "ShortName": "FUNN BITTER 0% 70CL",
    "AlcoholDisclaimermsg": false,
    "IsNew": false,
    "amountUnit": "kg",
    "CountryOfOriginISO": "BE",
    "servings": {
      "source": "15.0",
      "parsedValue": 15
    },
    "ShowAlcoholLegalMsg": false,
    "LongName": "FUNNY Bitter 0% 70cl",
    "RecentQuanityOfStockUnits": "1",
    "AlcoholVolume": "0",
    "FicCode": "E"
  },
  {
    "technicalArticleNumber": "3092363",
    "commercialArticleNumber": "41619",
    "gtin": [
      "05411353621012",
      "15411353621019"
    ],
    "productId": "101907",
    "name": "Pisang 0%",
    "description": "*Ready to serve\n*Base pour cocktail\n*Sans alcool",
    "brand": "FUNNY",
    "seoBrand": "Funny",
    "thumbNail": "https://static.colruytgroup.com/images/200x200/std.lang.all/77/81/asset-3137781.jpg",
    "fullImage": "https://static.colruytgroup.com/images/500x500/std.lang.all/77/81/asset-3137781.jpg",
    "squareImage": "https://static.colruytgroup.com/images/500x500sq/std.lang.all/77/81/asset-3137781.jpg",
    "content": "70cl",
    "price": {
      "basicPrice": 5.99,
      "recommendedQuantity": "1.0",
      "quantityPrice": 5.75,
      "quantityPriceQuantity": "6.0",
      "measurementUnitPrice": 8.56,
      "measurementUnitQuantityPrice": 8.22,
      "measurementUnit": "L",
      "isRedPrice": false,
      "pricePerUOM": 8.56,
      "activationDate": "09-05-2025",
      "recordSource": "Offline",
      "isPromoActive": "N",
      "priceChangeCode": "H",
      "quantityPricePerUOM": 8.22,
      "quantityActivationDate": "09-05-2025",
      "quantityPriceChangeCode": "H",
      "priceReason": "Reaction"
    },
    "isPriceAvailable": true,
    "channelAvailability": [
      "3_BE_STORE",
      "8_BE_STORE",
      "8_LU_STORE",
      "8_BE_COLLECT_NEXT_DAY",
      "8_BE_HOME_DELIVERY",
      "8_BE_HOME_DELIVERY_DRIVER"
    ],
    "businessDomain": "RETAIL_BE",
    "walkRouteSequenceNumber": 623,
    "isAvailable": true,
    "inPromo": false,
    "topCategoryName": "Boissons",
    "topCategoryId": "354",
    "categories": [
      {
        "name": "Boissons",
        "id": "354",
        "children": [
          {
            "name": "Ap\u00e9ritifs",
            "id": "399",
            "children": [
              {
                "name": "Ap\u00e9ritifs sans alcool",
                "id": "411"
              }
            ]
          }
        ]
      }
    ],
    "IsPrivateLabel": false,
    "amount": 0.7,
    "IsBiffe": false,
    "WeightconversionFactor": "0",
    "IsWeightArticle": false,
    "nutriscoreLabel": "E",
    "IsBio": false,
    "CountryOfOrigin": "BELGIQUE",
    "IsExclusivelySoldInLuxembourg": false,
    "OrderUnit": "P",
    "ShortName": "FUNN PISANG 0% 70CL",
    "AlcoholDisclaimermsg": false,
    "IsNew": false,
    "amountUnit": "kg",
    "CountryOfOriginISO": "BE",
    "ShowAlcoholLegalMsg": false,
    "LongName": "FUNNY Pisang 0% 70cl",
    "RecentQuanityOfStockUnits": "6,1",
    "AlcoholVolume": "0",
    "FicCode": "E"
  },
  {
    "technicalArticleNumber": "4809004",
    "commercialArticleNumber": "22747",
    "gtin": [
      "15411353621064",
      "05411353621067"
    ],
    "productId": "1084790",
    "name": "Amaretto Zero 0%",
    "description": "*Ap\u00e9ritif\nsans alcool",
    "brand": "FUNNY",
    "seoBrand": "Funny",
    "thumbNail": "https://static.colruytgroup.com/images/200x200/std.lang.all/26/66/asset-3482666.jpg",
    "fullImage": "https://static.colruytgroup.com/images/500x500/std.lang.all/26/66/asset-3482666.jpg",
    "squareImage": "https://static.colruytgroup.com/images/500x500sq/std.lang.all/26/66/asset-3482666.jpg",
    "content": "70cl",
    "price": {
      "basicPrice": 5.99,
      "recommendedQuantity": "1.0",
      "quantityPrice": 5.75,
      "quantityPriceQuantity": "6.0",
      "measurementUnitPrice": 8.56,
      "measurementUnitQuantityPrice": 8.22,
      "measurementUnit": "L",
      "isRedPrice": false,
      "pricePerUOM": 8.56,
      "activationDate": "23-05-2025",
      "recordSource": "Offline",
      "isPromoActive": "N",
      "priceChangeCode": "H",
      "quantityPricePerUOM": 8.22,
      "quantityActivationDate": "23-05-2025",
      "quantityPriceChangeCode": "H",
      "priceReason": "Reaction"
    },
    "isPriceAvailable": true,
    "channelAvailability": [
      "8_BE_STORE",
      "8_LU_STORE",
      "8_BE_COLLECT_NEXT_DAY",
      "8_BE_HOME_DELIVERY",
      "8_BE_HOME_DELIVERY_DRIVER"
    ],
    "businessDomain": "RETAIL_BE",
    "walkRouteSequenceNumber": 622,
    "isAvailable": true,
    "inPromo": false,
    "topCategoryName": "Boissons",
    "topCategoryId": "354",
    "categories": [
      {
        "name": "Boissons",
        "id": "354",
        "children": [
          {
            "name": "Ap\u00e9ritifs",
            "id": "399",
            "children": [
              {
                "name": "Ap\u00e9ritifs sans alcool",
                "id": "411"
              }
            ]
          }
        ]
      }
    ],
    "IsPrivateLabel": false,
    "amount": 0.7,
    "IsBiffe": false,
    "IsWeightArticle": false,
    "WeightconversionFactor": "0",
    "nutriscoreLabel": "E",
    "IsBio": false,
    "CountryOfOrigin": "BELGIQUE",
    "IsExclusivelySoldInLuxembourg": false,
    "OrderUnit": "P",
    "AlcoholDisclaimermsg": false,
    "ShortName": "FUNN AMARETTO 0% 70CL",
    "IsNew": false,
    "amountUnit": "kg",
    "CountryOfOriginISO": "BE",
    "EcoscoreLabel": "E",
    "ShowAlcoholLegalMsg": false,
    "LongName": "FUNNY Amaretto Zero 0% 70cl",
    "RecentQuanityOfStockUnits": "1",
    "AlcoholVolume": "0",
    "FicCode": "E",
    "EcoscoreValue": "18"
  },
  {
    "technicalArticleNumber": "4848642",
    "commercialArticleNumber": "38296",
    "gtin": [
      "08003911060103",
      "18003911060100"
    ],
    "productId": "1235512",
    "name": "Arione Sparkling 0%",
    "brand": "HUP",
    "seoBrand": "Hup",
    "thumbNail": "https://static.colruytgroup.com/images/200x200/std.lang.all/35/52/asset-3643552.jpg",
    "fullImage": "https://static.colruytgroup.com/images/500x500/std.lang.all/35/52/asset-3643552.jpg",
    "squareImage": "https://static.colruytgroup.com/images/500x500sq/std.lang.all/35/52/asset-3643552.jpg",
    "content": "75cl",
    "price": {
      "basicPrice": 5.99,
      "recommendedQuantity": "1.0",
      "quantityPrice": 5.51,
      "quantityPriceQuantity": "6.0",
      "measurementUnitPrice": 7.99,
      "measurementUnitQuantityPrice": 7.35,
      "measurementUnit": "L",
      "isRedPrice": false,
      "pricePerUOM": 7.99,
      "activationDate": "12-05-2025",
      "isPromoActive": "Y",
      "priceChangeCode": "E",
      "quantityPricePerUOM": 7.35,
      "quantityActivationDate": "12-05-2025",
      "quantityPriceChangeCode": "E",
      "priceReason": "Promo"
    },
    "isPriceAvailable": true,
    "channelAvailability": [
      "3_BE_STORE",
      "8_BE_STORE",
      "8_LU_STORE",
      "8_BE_COLLECT_NEXT_DAY",
      "8_BE_HOME_DELIVERY",
      "8_BE_HOME_DELIVERY_DRIVER"
    ],
    "businessDomain": "RETAIL_BE",
    "walkRouteSequenceNumber": 540,
    "isAvailable": true,
    "inPromo": false,
    "topCategoryName": "Boissons",
    "topCategoryId": "354",
    "categories": [
      {
        "name": "Boissons",
        "id": "354",
        "children": [
          {
            "name": "Ap\u00e9ritifs",
            "id": "399",
            "children": [
              {
                "name": "Ap\u00e9ritifs sans alcool",
                "id": "411"
              }
            ]
          }
        ]
      }
    ],
    "IsPrivateLabel": false,
    "amount": 0.75,
    "IsBiffe": false,
    "IsWeightArticle": false,
    "WeightconversionFactor": "0",
    "nutriscoreLabel": "E",
    "IsBio": false,
    "CountryOfOrigin": "ITALIE",
    "IsExclusivelySoldInLuxembourg": false,
    "OrderUnit": "P",
    "AlcoholDisclaimermsg": false,
    "ShortName": "HUP ARIONE SPARKL0%75CL",
    "IsNew": false,
    "amountUnit": "kg",
    "CountryOfOriginISO": "IT",
    "EcoscoreLabel": "D",
    "ShowAlcoholLegalMsg": false,
    "LongName": "HUP Arione Sparkling 0% 75cl",
    "RecentQuanityOfStockUnits": "1,6",
    "AlcoholVolume": "0",
    "FicCode": "E",
    "EcoscoreValue": "23"
  },
  {
    "technicalArticleNumber": "3318177",
    "commercialArticleNumber": "18737",
    "gtin": [
      "05410221105555",
      "05410221205149",
      "00000054004146"
    ],
    "productId": "146498",
    "name": "Tonic & Pink Pepper",
    "description": "*P\u00e9tillant\n*Quinine\n*Tonic \u00e9pic\u00e9",
    "brand": "SCHWEPPES",
    "seoBrand": "Schweppes",
    "thumbNail": "https://static.colruytgroup.com/images/200x200/std.lang.all/26/59/asset-3222659.jpg",
    "fullImage": "https://static.colruytgroup.com/images/500x500/std.lang.all/26/59/asset-3222659.jpg",
    "squareImage": "https://static.colruytgroup.com/images/500x500sq/std.lang.all/26/59/asset-3222659.jpg",
    "content": "4x20cl",
    "price": {
      "basicPrice": 6.09,
      "recommendedQuantity": "1.0",
      "quantityPrice": 5.85,
      "quantityPriceQuantity": "3.0",
      "measurementUnitPrice": 7.62,
      "measurementUnitQuantityPrice": 7.32,
      "measurementUnit": "L",
      "isRedPrice": false,
      "pricePerUOM": 7.62,
      "activationDate": "17-05-2025",
      "recordSource": "Offline",
      "isPromoActive": "N",
      "priceChangeCode": "H",
      "quantityPricePerUOM": 7.32,
      "quantityActivationDate": "17-05-2025",
      "quantityPriceChangeCode": "H",
      "priceReason": "Reaction"
    },
    "isPriceAvailable": true,
    "channelAvailability": [
      "8_BE_STORE",
      "8_LU_STORE",
      "8_BE_COLLECT_NEXT_DAY",
      "8_BE_HOME_DELIVERY",
      "8_BE_HOME_DELIVERY_DRIVER"
    ],
    "businessDomain": "RETAIL_BE",
    "walkRouteSequenceNumber": 744,
    "isAvailable": true,
    "inPromo": false,
    "topCategoryName": "Boissons",
    "topCategoryId": "354",
    "categories": [
      {
        "name": "Boissons",
        "id": "354",
        "children": [
          {
            "name": "Ap\u00e9ritifs",
            "id": "399",
            "children": [
              {
                "name": "Cocktails pr\u00e9par\u00e9s",
                "id": "407"
              }
            ]
          }
        ]
      }
    ],
    "IsPrivateLabel": false,
    "amount": 0.8,
    "IsBiffe": false,
    "WeightconversionFactor": "0",
    "IsWeightArticle": false,
    "nutriscoreLabel": "E",
    "IsBio": false,
    "CountryOfOrigin": "ESPAGNE",
    "IsExclusivelySoldInLuxembourg": false,
    "OrderUnit": "P",
    "ShortName": "SCHW TONIC&P.PEPPER4X20",
    "IsNew": false,
    "amountUnit": "kg",
    "CountryOfOriginISO": "ES",
    "ShowAlcoholLegalMsg": false,
    "LongName": "SCHWEPPES Tonic & Pink Pepper 4x20cl",
    "RecentQuanityOfStockUnits": "1,6",
    "AlcoholVolume": "0",
    "FicCode": "E"
  },
  {
    "technicalArticleNumber": "3772135",
    "commercialArticleNumber": "16721",
    "gtin": [
      "15400141103790",
      "05400141103793"
    ],
    "productId": "324487",
    "name": "Amarol 11%",
    "description": "*Bitter\n*Ap\u00e9ritif\n*11,0 % vol",
    "brand": "MARIE GALANTE",
    "seoBrand": "Marie Galante",
    "thumbNail": "https://static.colruytgroup.com/images/200x200/std.lang.all/85/79/asset-1508579.jpg",
    "fullImage": "https://static.colruytgroup.com/images/500x500/std.lang.all/85/79/asset-1508579.jpg",
    "squareImage": "https://static.colruytgroup.com/images/500x500sq/std.lang.all/85/79/asset-1508579.jpg",
    "content": "70cl",
    "price": {
      "basicPrice": 6.29,
      "recommendedQuantity": "1.0",
      "quantityPrice": 6.05,
      "quantityPriceQuantity": "2.0",
      "measurementUnitPrice": 8.99,
      "measurementUnitQuantityPrice": 8.65,
      "measurementUnit": "L",
      "isRedPrice": false,
      "pricePerUOM": 8.99,
      "activationDate": "03-06-2025",
      "recordSource": "Offline",
      "isPromoActive": "N",
      "priceChangeCode": "H",
      "quantityPricePerUOM": 8.65,
      "quantityActivationDate": "03-06-2025",
      "quantityPriceChangeCode": "H",
      "priceReason": "Reaction"
    },
    "isPriceAvailable": true,
    "channelAvailability": [
      "8_BE_STORE",
      "8_LU_STORE",
      "8_BE_COLLECT_NEXT_DAY",
      "8_BE_HOME_DELIVERY",
      "8_BE_HOME_DELIVERY_DRIVER"
    ],
    "businessDomain": "RETAIL_BE",
    "walkRouteSequenceNumber": 938,
    "isAvailable": true,
    "inPromo": false,
    "topCategoryName": "Boissons",
    "topCategoryId": "354",
    "categories": [
      {
        "name": "Boissons",
        "id": "354",
        "children": [
          {
            "name": "Ap\u00e9ritifs",
            "id": "399",
            "children": [
              {
                "name": "Ap\u00e9ritifs/Vins de liqueur",
                "id": "403"
              }
            ]
          }
        ]
      }
    ],
    "IsPrivateLabel": true,
    "amount": 0.7,
    "IsBiffe": false,
    "WeightconversionFactor": "0",
    "IsWeightArticle": false,
    "IsBio": false,
    "CountryOfOrigin": "BELGIQUE",
    "IsExclusivelySoldInLuxembourg": false,
    "OrderUnit": "P",
    "ShortName": "M.GAL AMAROL 11% 70CL",
    "AlcoholDisclaimermsg": true,
    "IsNew": false,
    "amountUnit": "kg",
    "CountryOfOriginISO": "BE",
    "EcoscoreLabel": "D",
    "ShowAlcoholLegalMsg": true,
    "LongName": "MARIE GALANTE Amarol 11% 70cl",
    "RecentQuanityOfStockUnits": "1,6",
    "AlcoholVolume": "11",
    "FicCode": "I",
    "EcoscoreValue": "30"
  },
  {
    "technicalArticleNumber": "3799647",
    "commercialArticleNumber": "12874",
    "gtin": [
      "05400141105858",
      "15400141105855",
      "15400141194217",
      "05400141194210"
    ],
    "productId": "358985",
    "name": "Pisang 15%",
    "description": "*Ready to serve\n*Base pour cocktail\n*15 % vol",
    "brand": "MARIE GALANTE",
    "seoBrand": "Marie Galante",
    "thumbNail": "https://static.colruytgroup.com/images/200x200/std.lang.all/44/73/asset-1684473.jpg",
    "fullImage": "https://static.colruytgroup.com/images/500x500/std.lang.all/44/73/asset-1684473.jpg",
    "squareImage": "https://static.colruytgroup.com/images/500x500sq/std.lang.all/44/73/asset-1684473.jpg",
    "content": "70cl",
    "price": {
      "basicPrice": 6.45,
      "recommendedQuantity": "1.0",
      "measurementUnitPrice": 9.22,
      "measurementUnit": "L",
      "isRedPrice": false,
      "pricePerUOM": 9.22,
      "activationDate": "22-01-2025",
      "recordSource": "Offline",
      "isPromoActive": "N",
      "priceChangeCode": "H",
      "priceReason": "Reaction"
    },
    "isPriceAvailable": true,
    "channelAvailability": [
      "8_BE_STORE",
      "8_LU_STORE",
      "8_BE_COLLECT_NEXT_DAY",
      "8_BE_HOME_DELIVERY",
      "8_BE_HOME_DELIVERY_DRIVER"
    ],
    "businessDomain": "RETAIL_BE",
    "walkRouteSequenceNumber": 952,
    "isAvailable": true,
    "inPromo": false,
    "topCategoryName": "Boissons",
    "topCategoryId": "354",
    "categories": [
      {
        "name": "Boissons",
        "id": "354",
        "children": [
          {
            "name": "Ap\u00e9ritifs",
            "id": "399",
            "children": [
              {
                "name": "Autres ap\u00e9ritifs",
                "id": "408"
              }
            ]
          }
        ]
      }
    ],
    "IsPrivateLabel": true,
    "amount": 0.7,
    "IsBiffe": false,
    "WeightconversionFactor": "0",
    "IsWeightArticle": false,
    "IsBio": false,
    "CountryOfOrigin": "BELGIQUE",
    "IsExclusivelySoldInLuxembourg": false,
    "OrderUnit": "P",
    "ShortName": "M.GAL PISANG 15% 70CL",
    "AlcoholDisclaimermsg": true,
    "IsNew": false,
    "amountUnit": "kg",
    "CountryOfOriginISO": "BE",
    "EcoscoreLabel": "D",
    "ShowAlcoholLegalMsg": true,
    "LongName": "MARIE GALANTE Pisang 15% 70cl",
    "RecentQuanityOfStockUnits": "1,6",
    "AlcoholVolume": "14.7",
    "FicCode": "I",
    "EcoscoreValue": "30"
  },
  {
    "technicalArticleNumber": "19041",
    "commercialArticleNumber": "19041",
    "gtin": [
      "05400141190410",
      "15601355000169"
    ],
    "productId": "1286",
    "name": "White 19%",
    "description": "*Porto blanc\n*Ap\u00e9ritif\n*19,0 % vol",
    "brand": "AMURO",
    "seoBrand": "Porto Amuro",
    "thumbNail": "https://static.colruytgroup.com/images/200x200/std.lang.all/50/28/asset-395028.jpg",
    "fullImage": "https://static.colruytgroup.com/images/500x500/std.lang.all/50/28/asset-395028.jpg",
    "squareImage": "https://static.colruytgroup.com/images/500x500sq/std.lang.all/50/28/asset-395028.jpg",
    "content": "75cl",
    "price": {
      "basicPrice": 6.79,
      "recommendedQuantity": "1.0",
      "measurementUnitPrice": 9.06,
      "measurementUnit": "L",
      "isRedPrice": false,
      "pricePerUOM": 9.06,
      "activationDate": "15-01-2025",
      "isPromoActive": "N",
      "priceChangeCode": "H",
      "priceReason": "FALLBACK"
    },
    "isPriceAvailable": true,
    "channelAvailability": [
      "3_BE_STORE",
      "8_BE_STORE",
      "8_LU_STORE",
      "8_BE_COLLECT_NEXT_DAY",
      "8_BE_HOME_DELIVERY",
      "8_BE_HOME_DELIVERY_DRIVER"
    ],
    "businessDomain": "RETAIL_BE",
    "walkRouteSequenceNumber": 702,
    "isAvailable": true,
    "inPromo": false,
    "topCategoryName": "Boissons",
    "topCategoryId": "354",
    "categories": [
      {
        "name": "Boissons",
        "id": "354",
        "children": [
          {
            "name": "Ap\u00e9ritifs",
            "id": "399",
            "children": [
              {
                "name": "Porto",
                "id": "400"
              }
            ]
          }
        ]
      }
    ],
    "IsPrivateLabel": true,
    "amount": 0.75,
    "IsBiffe": false,
    "WeightconversionFactor": "0",
    "IsWeightArticle": false,
    "IsBio": false,
    "CountryOfOrigin": "PORTUGAL",
    "IsExclusivelySoldInLuxembourg": false,
    "OrderUnit": "P",
    "ShortName": "AMURO PORTO WHITE 75CL",
    "AlcoholDisclaimermsg": true,
    "IsNew": false,
    "amountUnit": "kg",
    "CountryOfOriginISO": "PT",
    "EcoscoreLabel": "C",
    "ShowAlcoholLegalMsg": true,
    "LongName": "AMURO White 19% 75cl",
    "RecentQuanityOfStockUnits": "1,6",
    "AlcoholVolume": "19",
    "FicCode": "I",
    "EcoscoreValue": "40"
  },
  {
    "technicalArticleNumber": "19043",
    "commercialArticleNumber": "19043",
    "gtin": [
      "05400141190434",
      "15601355000176"
    ],
    "productId": "1287",
    "name": "Ruby 19%",
    "description": "*Porto Ruby rouge\n*Ap\u00e9ritif\n*19,0 % vol",
    "brand": "AMURO",
    "seoBrand": "Porto Amuro",
    "thumbNail": "https://static.colruytgroup.com/images/200x200/std.lang.all/24/78/asset-392478.jpg",
    "fullImage": "https://static.colruytgroup.com/images/500x500/std.lang.all/24/78/asset-392478.jpg",
    "squareImage": "https://static.colruytgroup.com/images/500x500sq/std.lang.all/24/78/asset-392478.jpg",
    "content": "75cl",
    "price": {
      "basicPrice": 6.79,
      "recommendedQuantity": "1.0",
      "measurementUnitPrice": 9.06,
      "measurementUnit": "L",
      "isRedPrice": false,
      "pricePerUOM": 9.06,
      "activationDate": "15-01-2025",
      "isPromoActive": "N",
      "priceChangeCode": "H",
      "priceReason": "FALLBACK"
    },
    "isPriceAvailable": true,
    "channelAvailability": [
      "3_BE_STORE",
      "8_BE_STORE",
      "8_LU_STORE",
      "8_BE_COLLECT_NEXT_DAY",
      "8_BE_HOME_DELIVERY",
      "8_BE_HOME_DELIVERY_DRIVER"
    ],
    "businessDomain": "RETAIL_BE",
    "walkRouteSequenceNumber": 714,
    "isAvailable": true,
    "inPromo": false,
    "topCategoryName": "Boissons",
    "topCategoryId": "354",
    "categories": [
      {
        "name": "Boissons",
        "id": "354",
        "children": [
          {
            "name": "Ap\u00e9ritifs",
            "id": "399",
            "children": [
              {
                "name": "Porto",
                "id": "400"
              }
            ]
          }
        ]
      }
    ],
    "IsPrivateLabel": true,
    "amount": 0.75,
    "IsBiffe": false,
    "WeightconversionFactor": "0",
    "IsWeightArticle": false,
    "IsBio": false,
    "CountryOfOrigin": "PORTUGAL",
    "IsExclusivelySoldInLuxembourg": false,
    "OrderUnit": "P",
    "ShortName": "AMURO PORTO RED 75CL",
    "AlcoholDisclaimermsg": true,
    "IsNew": false,
    "amountUnit": "kg",
    "CountryOfOriginISO": "PT",
    "EcoscoreLabel": "D",
    "ShowAlcoholLegalMsg": true,
    "LongName": "AMURO Ruby 19% 75cl",
    "RecentQuanityOfStockUnits": "1,6",
    "AlcoholVolume": "19",
    "FicCode": "I",
    "EcoscoreValue": "38"
  },
  {
    "technicalArticleNumber": "19044",
    "commercialArticleNumber": "19044",
    "gtin": [
      "08410023094108",
      "08410023094726",
      "08410024010534",
      "18410023094105",
      "55410024011188"
    ],
    "productId": "1288",
    "name": "Sherry Fino Dry 15%",
    "description": "*Sherry\n*Ap\u00e9ritif\n*15,0 % vol",
    "brand": "DOMECQ",
    "seoBrand": "Domecq",
    "thumbNail": "https://static.colruytgroup.com/images/200x200/std.lang.all/44/13/asset-3414413.jpg",
    "fullImage": "https://static.colruytgroup.com/images/500x500/std.lang.all/44/13/asset-3414413.jpg",
    "squareImage": "https://static.colruytgroup.com/images/500x500sq/std.lang.all/44/13/asset-3414413.jpg",
    "content": "75cl",
    "price": {
      "basicPrice": 6.99,
      "recommendedQuantity": "1.0",
      "measurementUnitPrice": 9.32,
      "measurementUnit": "L",
      "isRedPrice": false,
      "pricePerUOM": 9.32,
      "activationDate": "21-05-2025",
      "recordSource": "Offline",
      "isPromoActive": "N",
      "priceChangeCode": "E",
      "priceReason": "Reaction"
    },
    "isPriceAvailable": true,
    "channelAvailability": [
      "8_BE_STORE",
      "8_LU_STORE",
      "8_BE_COLLECT_NEXT_DAY",
      "8_BE_HOME_DELIVERY",
      "8_BE_HOME_DELIVERY_DRIVER"
    ],
    "businessDomain": "RETAIL_BE",
    "walkRouteSequenceNumber": 699,
    "isAvailable": true,
    "inPromo": false,
    "topCategoryName": "Boissons",
    "topCategoryId": "354",
    "categories": [
      {
        "name": "Boissons",
        "id": "354",
        "children": [
          {
            "name": "Ap\u00e9ritifs",
            "id": "399",
            "children": [
              {
                "name": "Sherry",
                "id": "402"
              }
            ]
          }
        ]
      }
    ],
    "IsPrivateLabel": false,
    "amount": 0.75,
    "IsBiffe": false,
    "IsWeightArticle": false,
    "WeightconversionFactor": "0",
    "IsBio": false,
    "CountryOfOrigin": "ESPAGNE",
    "IsExclusivelySoldInLuxembourg": false,
    "OrderUnit": "P",
    "AlcoholDisclaimermsg": true,
    "InSeason": true,
    "ShortName": "DOME SHERRY FINO DRY75C",
    "IsNew": false,
    "amountUnit": "kg",
    "CountryOfOriginISO": "ES",
    "EcoscoreLabel": "C",
    "ShowAlcoholLegalMsg": true,
    "LongName": "DOMECQ Sherry Fino Dry 15% 75cl",
    "RecentQuanityOfStockUnits": "6,1",
    "AlcoholVolume": "15",
    "StartSeasonDate": "08/06/2017",
    "FicCode": "E",
    "EcoscoreValue": "40"
  },
  {
    "technicalArticleNumber": "3413836",
    "commercialArticleNumber": "17948",
    "gtin": [
      "03032230108444",
      "03032230108437",
      "03032230108451"
    ],
    "productId": "198955",
    "name": "Cr\u00e8me Cassis 16%",
    "description": "*Liqueur\n*16,0 % vol",
    "brand": "CHERRY ROCHER",
    "seoBrand": "Cherry Rocher",
    "thumbNail": "https://static.colruytgroup.com/images/200x200/std.lang.all/62/56/asset-796256.jpg",
    "fullImage": "https://static.colruytgroup.com/images/500x500/std.lang.all/62/56/asset-796256.jpg",
    "squareImage": "https://static.colruytgroup.com/images/500x500sq/std.lang.all/62/56/asset-796256.jpg",
    "content": "50cl",
    "price": {
      "basicPrice": 7.35,
      "recommendedQuantity": "1.0",
      "measurementUnitPrice": 14.7,
      "measurementUnit": "L",
      "isRedPrice": false,
      "pricePerUOM": 14.7,
      "activationDate": "23-04-2025",
      "isPromoActive": "N",
      "priceChangeCode": "E",
      "priceReason": "FALLBACK"
    },
    "isPriceAvailable": true,
    "channelAvailability": [
      "8_BE_STORE",
      "8_LU_STORE",
      "8_BE_COLLECT_NEXT_DAY",
      "8_BE_HOME_DELIVERY",
      "8_BE_HOME_DELIVERY_DRIVER"
    ],
    "businessDomain": "RETAIL_BE",
    "walkRouteSequenceNumber": 967,
    "isAvailable": true,
    "inPromo": false,
    "topCategoryName": "Boissons",
    "topCategoryId": "354",
    "categories": [
      {
        "name": "Boissons",
        "id": "354",
        "children": [
          {
            "name": "Ap\u00e9ritifs",
            "id": "399",
            "children": [
              {
                "name": "Autres ap\u00e9ritifs",
                "id": "408"
              }
            ]
          }
        ]
      }
    ],
    "IsPrivateLabel": false,
    "amount": 0.5,
    "IsBiffe": false,
    "WeightconversionFactor": "0",
    "IsWeightArticle": false,
    "IsBio": false,
    "CountryOfOrigin": "FRANCE",
    "IsExclusivelySoldInLuxembourg": false,
    "OrderUnit": "P",
    "ShortName": "ROCHER CASSIS 16D 50CL",
    "AlcoholDisclaimermsg": true,
    "IsNew": false,
    "amountUnit": "kg",
    "CountryOfOriginISO": "FR",
    "ShowAlcoholLegalMsg": true,
    "LongName": "CHERRY ROCHER Cr\u00e8me Cassis 16% 50cl",
    "RecentQuanityOfStockUnits": "1",
    "AlcoholVolume": "16",
    "FicCode": "E"
  },
  {
    "technicalArticleNumber": "3773531",
    "commercialArticleNumber": "14529",
    "gtin": [
      "05400141103816",
      "15400141103813"
    ],
    "productId": "321090",
    "name": "Gin fizz 15%",
    "description": "*Ready to serve\n*Gin Fizz\n*Base pour cocktail\n*15,0 % vol",
    "brand": "MARIE GALANTE",
    "seoBrand": "Marie Galante",
    "thumbNail": "https://static.colruytgroup.com/images/200x200/std.lang.all/83/36/asset-1558336.jpg",
    "fullImage": "https://static.colruytgroup.com/images/500x500/std.lang.all/83/36/asset-1558336.jpg",
    "squareImage": "https://static.colruytgroup.com/images/500x500sq/std.lang.all/83/36/asset-1558336.jpg",
    "content": "70cl",
    "price": {
      "basicPrice": 7.35,
      "recommendedQuantity": "1.0",
      "measurementUnitPrice": 10.5,
      "measurementUnit": "L",
      "isRedPrice": false,
      "pricePerUOM": 10.5,
      "activationDate": "03-01-2025",
      "isPromoActive": "N",
      "priceChangeCode": "L",
      "priceReason": "FALLBACK"
    },
    "isPriceAvailable": true,
    "channelAvailability": [
      "8_BE_STORE",
      "8_LU_STORE",
      "8_BE_COLLECT_NEXT_DAY",
      "8_BE_HOME_DELIVERY_DRIVER"
    ],
    "businessDomain": "RETAIL_BE",
    "walkRouteSequenceNumber": 950,
    "isAvailable": true,
    "inPromo": false,
    "topCategoryName": "Boissons",
    "topCategoryId": "354",
    "categories": [
      {
        "name": "Boissons",
        "id": "354",
        "children": [
          {
            "name": "Ap\u00e9ritifs",
            "id": "399",
            "children": [
              {
                "name": "Cocktails pr\u00e9par\u00e9s",
                "id": "407"
              }
            ]
          }
        ]
      }
    ],
    "IsPrivateLabel": true,
    "amount": 0.7,
    "IsBiffe": false,
    "WeightconversionFactor": "0",
    "IsWeightArticle": false,
    "IsBio": false,
    "CountryOfOrigin": "FRANCE",
    "IsExclusivelySoldInLuxembourg": false,
    "OrderUnit": "P",
    "ShortName": "M.GAL GIN FIZZ 15% 70CL",
    "AlcoholDisclaimermsg": true,
    "IsNew": false,
    "amountUnit": "kg",
    "CountryOfOriginISO": "FR",
    "EcoscoreLabel": "C",
    "ShowAlcoholLegalMsg": true,
    "LongName": "MARIE GALANTE Gin fizz 15% 70cl",
    "RecentQuanityOfStockUnits": "1",
    "AlcoholVolume": "15",
    "FicCode": "I",
    "EcoscoreValue": "50"
  },
  {
    "technicalArticleNumber": "3734858",
    "commercialArticleNumber": "41275",
    "gtin": [
      "05400141035438",
      "15400141035435"
    ],
    "productId": "337362",
    "name": "Pineau Chare.ros\u00e9 17%",
    "description": "*Pineau des\nCharentes\n*Ros\u00e9\n*17 % vol",
    "brand": "MARIE GALANTE",
    "seoBrand": "Marie Galante",
    "thumbNail": "https://static.colruytgroup.com/images/200x200/std.lang.all/08/54/asset-1500854.jpg",
    "fullImage": "https://static.colruytgroup.com/images/500x500/std.lang.all/08/54/asset-1500854.jpg",
    "squareImage": "https://static.colruytgroup.com/images/500x500sq/std.lang.all/08/54/asset-1500854.jpg",
    "content": "75cl",
    "price": {
      "basicPrice": 7.49,
      "recommendedQuantity": "1.0",
      "measurementUnitPrice": 9.99,
      "measurementUnit": "L",
      "isRedPrice": false,
      "pricePerUOM": 9.99,
      "activationDate": "04-06-2025",
      "recordSource": "Offline",
      "isPromoActive": "N",
      "priceChangeCode": "H",
      "priceReason": "Reaction"
    },
    "isPriceAvailable": true,
    "channelAvailability": [
      "3_BE_STORE",
      "8_BE_STORE",
      "8_LU_STORE",
      "8_BE_COLLECT_NEXT_DAY",
      "8_BE_HOME_DELIVERY_DRIVER"
    ],
    "businessDomain": "RETAIL_BE",
    "walkRouteSequenceNumber": 681,
    "isAvailable": true,
    "inPromo": false,
    "topCategoryName": "Boissons",
    "topCategoryId": "354",
    "categories": [
      {
        "name": "Boissons",
        "id": "354",
        "children": [
          {
            "name": "Ap\u00e9ritifs",
            "id": "399",
            "children": [
              {
                "name": "Ap\u00e9ritifs/Vins de liqueur",
                "id": "403"
              }
            ]
          }
        ]
      }
    ],
    "IsPrivateLabel": true,
    "amount": 0.75,
    "IsBiffe": false,
    "IsWeightArticle": false,
    "WeightconversionFactor": "0",
    "IsBio": false,
    "CountryOfOrigin": "FRANCE",
    "IsExclusivelySoldInLuxembourg": false,
    "OrderUnit": "P",
    "AlcoholDisclaimermsg": true,
    "InSeason": true,
    "ShortName": "MAGA PINEAU CHAR.ROS75C",
    "IsNew": false,
    "amountUnit": "kg",
    "CountryOfOriginISO": "FR",
    "EcoscoreLabel": "B",
    "ShowAlcoholLegalMsg": true,
    "LongName": "MARIE GALANTE Pineau Chare.ros\u00e9 17% 75cl",
    "RecentQuanityOfStockUnits": "1,6",
    "AlcoholVolume": "17",
    "StartSeasonDate": "28/03/2024",
    "FicCode": "I",
    "EcoscoreValue": "62"
  },
  {
    "technicalArticleNumber": "4059362",
    "commercialArticleNumber": "6786",
    "gtin": [
      "03021891082699",
      "03021891003380",
      "03760224570266"
    ],
    "productId": "469716",
    "name": "Virgin Mojito BIB",
    "description": "*Sans alcool",
    "brand": "YUMMIX",
    "seoBrand": "Yummix",
    "thumbNail": "https://static.colruytgroup.com/images/200x200/std.lang.all/90/89/asset-3529089.jpg",
    "fullImage": "https://static.colruytgroup.com/images/500x500/std.lang.all/90/89/asset-3529089.jpg",
    "squareImage": "https://static.colruytgroup.com/images/500x500sq/std.lang.all/90/89/asset-3529089.jpg",
    "content": "3L",
    "price": {
      "basicPrice": 7.79,
      "recommendedQuantity": "1.0",
      "quantityPrice": 7.48,
      "quantityPriceQuantity": "3.0",
      "measurementUnitPrice": 2.6,
      "measurementUnitQuantityPrice": 2.5,
      "measurementUnit": "L",
      "isRedPrice": false,
      "pricePerUOM": 2.6,
      "activationDate": "02-06-2025",
      "recordSource": "Offline",
      "isPromoActive": "N",
      "priceChangeCode": "E",
      "quantityPricePerUOM": 2.5,
      "quantityActivationDate": "02-06-2025",
      "quantityPriceChangeCode": "E",
      "priceReason": "Reaction"
    },
    "isPriceAvailable": true,
    "channelAvailability": [
      "8_BE_STORE",
      "8_LU_STORE",
      "8_BE_COLLECT_NEXT_DAY",
      "8_BE_HOME_DELIVERY",
      "8_BE_HOME_DELIVERY_DRIVER"
    ],
    "businessDomain": "RETAIL_BE",
    "walkRouteSequenceNumber": 581,
    "isAvailable": true,
    "inPromo": false,
    "topCategoryName": "Boissons",
    "topCategoryId": "354",
    "categories": [
      {
        "name": "Boissons",
        "id": "354",
        "children": [
          {
            "name": "Ap\u00e9ritifs",
            "id": "399",
            "children": [
              {
                "name": "Cocktails pr\u00e9par\u00e9s",
                "id": "407"
              }
            ]
          }
        ]
      }
    ],
    "IsPrivateLabel": false,
    "amount": {
      "source": "3.0",
      "parsedValue": 3
    },
    "IsBiffe": false,
    "WeightconversionFactor": "0",
    "IsWeightArticle": false,
    "IsBio": false,
    "CountryOfOrigin": "FRANCE",
    "IsExclusivelySoldInLuxembourg": false,
    "OrderUnit": "P",
    "ShortName": "YUMM VIRGIN MOJITO 3L",
    "InSeason": true,
    "IsNew": false,
    "amountUnit": "kg",
    "CountryOfOriginISO": "FR",
    "LongName": "YUMMIX Virgin Mojito BIB 3L",
    "RecentQuanityOfStockUnits": "3,1",
    "StartSeasonDate": "12/12/2020",
    "FicCode": "E"
  },
  {
    "technicalArticleNumber": "3791310",
    "commercialArticleNumber": "20761",
    "gtin": [
      "05400141105483",
      "15400141105480"
    ],
    "productId": "367613",
    "name": "Pina colada 14,5%",
    "description": "*Ready to serve\n*Pina Colada\n*Base pour cocktail\n*14,5 % vol",
    "brand": "MARIE GALANTE",
    "seoBrand": "Marie Galante",
    "thumbNail": "https://static.colruytgroup.com/images/200x200/std.lang.all/21/81/asset-1792181.jpg",
    "fullImage": "https://static.colruytgroup.com/images/500x500/std.lang.all/21/81/asset-1792181.jpg",
    "squareImage": "https://static.colruytgroup.com/images/500x500sq/std.lang.all/21/81/asset-1792181.jpg",
    "content": "70cl",
    "price": {
      "basicPrice": 7.99,
      "recommendedQuantity": "1.0",
      "measurementUnitPrice": 11.42,
      "measurementUnit": "L",
      "isRedPrice": false,
      "pricePerUOM": 11.42,
      "activationDate": "15-01-2025",
      "recordSource": "Offline",
      "isPromoActive": "N",
      "priceChangeCode": "E",
      "priceReason": "Reaction"
    },
    "isPriceAvailable": true,
    "channelAvailability": [
      "8_BE_STORE",
      "8_LU_STORE",
      "8_BE_COLLECT_NEXT_DAY",
      "8_BE_HOME_DELIVERY",
      "8_BE_HOME_DELIVERY_DRIVER"
    ],
    "businessDomain": "RETAIL_BE",
    "walkRouteSequenceNumber": 972,
    "isAvailable": true,
    "inPromo": false,
    "topCategoryName": "Boissons",
    "topCategoryId": "354",
    "categories": [
      {
        "name": "Boissons",
        "id": "354",
        "children": [
          {
            "name": "Ap\u00e9ritifs",
            "id": "399",
            "children": [
              {
                "name": "Autres ap\u00e9ritifs",
                "id": "408"
              }
            ]
          }
        ]
      }
    ],
    "IsPrivateLabel": true,
    "amount": 0.7,
    "IsBiffe": false,
    "WeightconversionFactor": "0",
    "IsWeightArticle": false,
    "IsBio": false,
    "CountryOfOrigin": "BELGIQUE",
    "IsExclusivelySoldInLuxembourg": false,
    "OrderUnit": "P",
    "ShortName": "M.GAL PINA COL.14.5%70C",
    "AlcoholDisclaimermsg": true,
    "IsNew": false,
    "amountUnit": "kg",
    "CountryOfOriginISO": "BE",
    "EcoscoreLabel": "B",
    "ShowAlcoholLegalMsg": true,
    "LongName": "MARIE GALANTE Pina colada 14,5% 70cl",
    "RecentQuanityOfStockUnits": "1,6",
    "AlcoholVolume": "14.5",
    "FicCode": "I",
    "EcoscoreValue": "69"
  },
  {
    "technicalArticleNumber": "3326016",
    "commercialArticleNumber": "7772",
    "gtin": [
      "05010867801042",
      "05010867801059",
      "05608309010239"
    ],
    "productId": "150268",
    "name": "Fine Tawny Port 19,0%vol",
    "description": "*Porto Fine Tawny\nrouge\n*2 \u00e0 3 ans d'\u00e2ge\n*Ap\u00e9ritif\n*19,0 % vol",
    "brand": "COCKBURN'S",
    "seoBrand": "Cockburn's",
    "thumbNail": "https://static.colruytgroup.com/images/200x200/std.lang.all/59/32/asset-2665932.jpg",
    "fullImage": "https://static.colruytgroup.com/images/500x500/std.lang.all/59/32/asset-2665932.jpg",
    "squareImage": "https://static.colruytgroup.com/images/500x500sq/std.lang.all/59/32/asset-2665932.jpg",
    "content": "75cl",
    "price": {
      "basicPrice": 7.99,
      "recommendedQuantity": "1.0",
      "measurementUnitPrice": 10.66,
      "measurementUnit": "L",
      "isRedPrice": false,
      "pricePerUOM": 10.66,
      "activationDate": "30-04-2025",
      "isPromoActive": "N",
      "priceChangeCode": "E",
      "priceReason": "FALLBACK"
    },
    "isPriceAvailable": true,
    "channelAvailability": [
      "8_BE_STORE",
      "8_LU_STORE",
      "8_BE_COLLECT_NEXT_DAY",
      "8_BE_HOME_DELIVERY",
      "8_BE_HOME_DELIVERY_DRIVER"
    ],
    "businessDomain": "RETAIL_BE",
    "walkRouteSequenceNumber": 705,
    "isAvailable": true,
    "inPromo": false,
    "topCategoryName": "Boissons",
    "topCategoryId": "354",
    "categories": [
      {
        "name": "Boissons",
        "id": "354",
        "children": [
          {
            "name": "Ap\u00e9ritifs",
            "id": "399",
            "children": [
              {
                "name": "Porto",
                "id": "400"
              }
            ]
          }
        ]
      }
    ],
    "IsPrivateLabel": false,
    "amount": 0.75,
    "IsBiffe": false,
    "WeightconversionFactor": "0",
    "IsWeightArticle": false,
    "IsBio": false,
    "CountryOfOrigin": "PORTUGAL",
    "IsExclusivelySoldInLuxembourg": false,
    "OrderUnit": "P",
    "ShortName": "COCKBURNS TAWNY 19 75CL",
    "AlcoholDisclaimermsg": true,
    "IsNew": false,
    "amountUnit": "kg",
    "CountryOfOriginISO": "PT",
    "EcoscoreLabel": "C",
    "ShowAlcoholLegalMsg": true,
    "LongName": "COCKBURN'S Fine Tawny Port 19,0%vol 75cl",
    "RecentQuanityOfStockUnits": "1",
    "AlcoholVolume": "19",
    "FicCode": "E",
    "EcoscoreValue": "54"
  },
  {
    "technicalArticleNumber": "2481836",
    "commercialArticleNumber": "38405",
    "gtin": [
      "05010867801004",
      "05010867801011"
    ],
    "productId": "40663",
    "name": "Fine Ruby Port 19,0%vol",
    "description": "*Porto Fine Ruby\nrouge\n*3 ans d'\u00e2ge\n*Ap\u00e9ritif\n*20,0 % vol",
    "brand": "COCKBURN'S",
    "seoBrand": "Cockburn's",
    "thumbNail": "https://static.colruytgroup.com/images/200x200/std.lang.all/59/30/asset-2665930.jpg",
    "fullImage": "https://static.colruytgroup.com/images/500x500/std.lang.all/59/30/asset-2665930.jpg",
    "squareImage": "https://static.colruytgroup.com/images/500x500sq/std.lang.all/59/30/asset-2665930.jpg",
    "content": "75cl",
    "price": {
      "basicPrice": 7.99,
      "recommendedQuantity": "1.0",
      "measurementUnitPrice": 10.66,
      "measurementUnit": "L",
      "isRedPrice": false,
      "pricePerUOM": 10.66,
      "activationDate": "23-04-2025",
      "isPromoActive": "N",
      "priceChangeCode": "H",
      "priceReason": "FALLBACK"
    },
    "isPriceAvailable": true,
    "channelAvailability": [
      "8_BE_STORE",
      "8_LU_STORE",
      "8_BE_COLLECT_NEXT_DAY",
      "8_BE_HOME_DELIVERY_DRIVER"
    ],
    "businessDomain": "RETAIL_BE",
    "walkRouteSequenceNumber": 708,
    "isAvailable": true,
    "inPromo": false,
    "topCategoryName": "Boissons",
    "topCategoryId": "354",
    "categories": [
      {
        "name": "Boissons",
        "id": "354",
        "children": [
          {
            "name": "Ap\u00e9ritifs",
            "id": "399",
            "children": [
              {
                "name": "Porto",
                "id": "400"
              }
            ]
          }
        ]
      }
    ],
    "IsPrivateLabel": false,
    "amount": 0.75,
    "IsBiffe": false,
    "WeightconversionFactor": "0",
    "IsWeightArticle": false,
    "IsBio": false,
    "CountryOfOrigin": "PORTUGAL",
    "IsExclusivelySoldInLuxembourg": false,
    "OrderUnit": "P",
    "ShortName": "COCKBURNS PORTO RUBY 75",
    "AlcoholDisclaimermsg": true,
    "IsNew": false,
    "amountUnit": "kg",
    "CountryOfOriginISO": "PT",
    "EcoscoreLabel": "C",
    "ShowAlcoholLegalMsg": true,
    "LongName": "COCKBURN'S Fine Ruby Port 19,0%vol 75cl",
    "RecentQuanityOfStockUnits": "1,6",
    "AlcoholVolume": "19",
    "FicCode": "E",
    "EcoscoreValue": "54"
  },
  {
    "technicalArticleNumber": "3783211",
    "commercialArticleNumber": "18352",
    "gtin": [
      "15400141104759",
      "05400141104752"
    ],
    "productId": "322166",
    "name": "Caipirinha 15%",
    "description": "*Ready to serve\n*15,0 % vol",
    "brand": "MARIE GALANTE",
    "seoBrand": "Marie Galante",
    "thumbNail": "https://static.colruytgroup.com/images/200x200/std.lang.all/01/93/asset-1470193.jpg",
    "fullImage": "https://static.colruytgroup.com/images/500x500/std.lang.all/01/93/asset-1470193.jpg",
    "squareImage": "https://static.colruytgroup.com/images/500x500sq/std.lang.all/01/93/asset-1470193.jpg",
    "content": "70cl",
    "price": {
      "basicPrice": 7.99,
      "recommendedQuantity": "1.0",
      "measurementUnitPrice": 11.42,
      "measurementUnit": "L",
      "isRedPrice": false,
      "pricePerUOM": 11.42,
      "activationDate": "16-07-2024",
      "isPromoActive": "N",
      "priceChangeCode": "E",
      "priceReason": "FALLBACK"
    },
    "isPriceAvailable": true,
    "channelAvailability": [
      "8_BE_STORE",
      "8_LU_STORE",
      "8_BE_COLLECT_NEXT_DAY",
      "8_BE_HOME_DELIVERY_DRIVER"
    ],
    "businessDomain": "RETAIL_BE",
    "walkRouteSequenceNumber": 949,
    "isAvailable": true,
    "inPromo": false,
    "topCategoryName": "Boissons",
    "topCategoryId": "354",
    "categories": [
      {
        "name": "Boissons",
        "id": "354",
        "children": [
          {
            "name": "Ap\u00e9ritifs",
            "id": "399",
            "children": [
              {
                "name": "Cocktails pr\u00e9par\u00e9s",
                "id": "407"
              }
            ]
          }
        ]
      }
    ],
    "IsPrivateLabel": true,
    "amount": 0.7,
    "IsBiffe": false,
    "WeightconversionFactor": "0",
    "IsWeightArticle": false,
    "IsBio": false,
    "CountryOfOrigin": "BELGIQUE",
    "IsExclusivelySoldInLuxembourg": false,
    "OrderUnit": "P",
    "ShortName": "MAGA CAIPIRINHA15% 70CL",
    "AlcoholDisclaimermsg": true,
    "IsNew": false,
    "amountUnit": "kg",
    "CountryOfOriginISO": "BE",
    "EcoscoreLabel": "C",
    "ShowAlcoholLegalMsg": true,
    "LongName": "MARIE GALANTE Caipirinha 15% 70cl",
    "RecentQuanityOfStockUnits": "1",
    "AlcoholVolume": "15",
    "FicCode": "I",
    "EcoscoreValue": "45"
  },
  {
    "technicalArticleNumber": "3741182",
    "commercialArticleNumber": "15952",
    "gtin": [
      "05400141101577",
      "15400141101574"
    ],
    "productId": "341130",
    "name": "Cream liqueur 17%",
    "description": "*Liqueur\n*Digestif\n*17,0 % vol",
    "brand": "MARIE GALANTE",
    "seoBrand": "Marie Galante",
    "thumbNail": "https://static.colruytgroup.com/images/200x200/std.lang.all/92/81/asset-1549281.jpg",
    "fullImage": "https://static.colruytgroup.com/images/500x500/std.lang.all/92/81/asset-1549281.jpg",
    "squareImage": "https://static.colruytgroup.com/images/500x500sq/std.lang.all/92/81/asset-1549281.jpg",
    "content": "70cl",
    "price": {
      "basicPrice": 7.99,
      "recommendedQuantity": "1.0",
      "measurementUnitPrice": 11.42,
      "measurementUnit": "L",
      "isRedPrice": false,
      "pricePerUOM": 11.42,
      "activationDate": "11-01-2025",
      "recordSource": "Offline",
      "isPromoActive": "N",
      "priceChangeCode": "L",
      "priceReason": "Reaction"
    },
    "isPriceAvailable": true,
    "channelAvailability": [
      "3_BE_STORE",
      "8_BE_STORE",
      "8_LU_STORE",
      "8_BE_COLLECT_NEXT_DAY",
      "8_BE_HOME_DELIVERY_DRIVER"
    ],
    "businessDomain": "RETAIL_BE",
    "walkRouteSequenceNumber": 918,
    "isAvailable": true,
    "inPromo": false,
    "topCategoryName": "Boissons",
    "topCategoryId": "354",
    "categories": [
      {
        "name": "Boissons",
        "id": "354",
        "children": [
          {
            "name": "Ap\u00e9ritifs",
            "id": "399",
            "children": [
              {
                "name": "Ap\u00e9ritifs/Vins de liqueur",
                "id": "403"
              }
            ]
          }
        ]
      }
    ],
    "IsPrivateLabel": true,
    "amount": 0.7,
    "IsBiffe": false,
    "WeightconversionFactor": "0",
    "IsWeightArticle": false,
    "IsBio": false,
    "CountryOfOrigin": "PAYS-BAS",
    "IsExclusivelySoldInLuxembourg": false,
    "OrderUnit": "P",
    "ShortName": "MAGA CREAM LIQ.17% 70CL",
    "AlcoholDisclaimermsg": true,
    "IsNew": false,
    "amountUnit": "kg",
    "CountryOfOriginISO": "NL",
    "EcoscoreLabel": "C",
    "ShowAlcoholLegalMsg": true,
    "LongName": "MARIE GALANTE Cream liqueur 17% 70cl",
    "RecentQuanityOfStockUnits": "1,6",
    "AlcoholVolume": "17",
    "FicCode": "I",
    "EcoscoreValue": "50"
  },
  {
    "technicalArticleNumber": "3675618",
    "commercialArticleNumber": "17423",
    "gtin": [
      "05010867801462",
      "05010867801455"
    ],
    "productId": "277748",
    "name": "Fine Tawny 19% 75cl+33%gr",
    "description": "*Disponible d\u00e8s\n21/10/2020\n*Porto Fine Tawny\n*2 \u00e0 3 ans d'\u00e2ge\n*19,0 % vol",
    "brand": "COCKBURN'S",
    "seoBrand": "Cockburn's",
    "thumbNail": "https://static.colruytgroup.com/images/200x200/std.lang.all/51/22/asset-3175122.jpg",
    "fullImage": "https://static.colruytgroup.com/images/500x500/std.lang.all/51/22/asset-3175122.jpg",
    "squareImage": "https://static.colruytgroup.com/images/500x500sq/std.lang.all/51/22/asset-3175122.jpg",
    "content": "1L",
    "price": {
      "basicPrice": 7.99,
      "recommendedQuantity": "1.0",
      "measurementUnitPrice": 7.99,
      "measurementUnit": "L",
      "isRedPrice": false,
      "pricePerUOM": 7.99,
      "activationDate": "30-04-2025",
      "isPromoActive": "N",
      "priceChangeCode": "E",
      "priceReason": "FALLBACK"
    },
    "isPriceAvailable": true,
    "channelAvailability": [
      "8_BE_STORE",
      "8_LU_STORE",
      "8_BE_COLLECT_NEXT_DAY",
      "8_BE_HOME_DELIVERY",
      "8_BE_HOME_DELIVERY_DRIVER"
    ],
    "businessDomain": "RETAIL_BE",
    "walkRouteSequenceNumber": 706,
    "isAvailable": true,
    "inPromo": false,
    "topCategoryName": "Boissons",
    "topCategoryId": "354",
    "categories": [
      {
        "name": "Boissons",
        "id": "354",
        "children": [
          {
            "name": "Ap\u00e9ritifs",
            "id": "399",
            "children": [
              {
                "name": "Porto",
                "id": "400"
              }
            ]
          }
        ]
      }
    ],
    "IsPrivateLabel": false,
    "amount": {
      "source": "1.0",
      "parsedValue": 1
    },
    "IsBiffe": false,
    "IsWeightArticle": false,
    "WeightconversionFactor": "0",
    "IsBio": false,
    "CountryOfOrigin": "PORTUGAL",
    "IsExclusivelySoldInLuxembourg": false,
    "OrderUnit": "P",
    "AlcoholDisclaimermsg": true,
    "InSeason": true,
    "ShortName": "COCK PORTO TAWN 75C+25C",
    "IsNew": false,
    "amountUnit": "kg",
    "CountryOfOriginISO": "PT",
    "EcoscoreLabel": "C",
    "ShowAlcoholLegalMsg": true,
    "LongName": "COCKBURN'S Fine Tawny 19% 75cl+33%gr 1L",
    "RecentQuanityOfStockUnits": "1,6",
    "AlcoholVolume": "19",
    "StartSeasonDate": "31/03/2025",
    "FicCode": "E",
    "EcoscoreValue": "54"
  },
  {
    "technicalArticleNumber": "2811312",
    "commercialArticleNumber": "46124",
    "gtin": [
      "05010867801233",
      "05608309010222",
      "05010867801240"
    ],
    "productId": "97179",
    "name": "Fine White Port 19,0%vol",
    "description": "*Porto blanc\n*Ap\u00e9ritif\n*19,0 % vol",
    "brand": "COCKBURN'S",
    "seoBrand": "Cockburn's",
    "thumbNail": "https://static.colruytgroup.com/images/200x200/std.lang.all/15/16/asset-2471516.jpg",
    "fullImage": "https://static.colruytgroup.com/images/500x500/std.lang.all/15/16/asset-2471516.jpg",
    "squareImage": "https://static.colruytgroup.com/images/500x500sq/std.lang.all/15/16/asset-2471516.jpg",
    "content": "75cl",
    "price": {
      "basicPrice": 7.99,
      "recommendedQuantity": "1.0",
      "measurementUnitPrice": 10.66,
      "measurementUnit": "L",
      "isRedPrice": false,
      "pricePerUOM": 10.66,
      "activationDate": "05-04-2025",
      "isPromoActive": "N",
      "priceChangeCode": "H",
      "priceReason": "FALLBACK"
    },
    "isPriceAvailable": true,
    "channelAvailability": [
      "8_BE_STORE",
      "8_LU_STORE",
      "8_BE_COLLECT_NEXT_DAY",
      "8_BE_HOME_DELIVERY_DRIVER"
    ],
    "businessDomain": "RETAIL_BE",
    "walkRouteSequenceNumber": 704,
    "isAvailable": true,
    "inPromo": false,
    "topCategoryName": "Boissons",
    "topCategoryId": "354",
    "categories": [
      {
        "name": "Boissons",
        "id": "354",
        "children": [
          {
            "name": "Ap\u00e9ritifs",
            "id": "399",
            "children": [
              {
                "name": "Porto",
                "id": "400"
              }
            ]
          }
        ]
      }
    ],
    "IsPrivateLabel": false,
    "amount": 0.75,
    "IsBiffe": false,
    "WeightconversionFactor": "0",
    "IsWeightArticle": false,
    "IsBio": false,
    "CountryOfOrigin": "BELGIQUE",
    "IsExclusivelySoldInLuxembourg": false,
    "OrderUnit": "P",
    "ShortName": "COCKBURNS PORTO BLA75C",
    "AlcoholDisclaimermsg": true,
    "IsNew": false,
    "amountUnit": "kg",
    "CountryOfOriginISO": "BE",
    "EcoscoreLabel": "C",
    "ShowAlcoholLegalMsg": true,
    "LongName": "COCKBURN'S Fine White Port 19,0%vol 75cl",
    "RecentQuanityOfStockUnits": "1",
    "AlcoholVolume": "19",
    "FicCode": "E",
    "EcoscoreValue": "54"
  },
  {
    "technicalArticleNumber": "4292534",
    "commercialArticleNumber": "2305",
    "gtin": [
      "05400141418408",
      "15400141418405"
    ],
    "productId": "616474",
    "name": "Sex On The Beach 15%",
    "description": "*Ready to serve\n*15% vol",
    "brand": "MARIE GALANTE",
    "seoBrand": "Marie Galante",
    "thumbNail": "https://static.colruytgroup.com/images/200x200/std.lang.all/78/52/asset-2317852.jpg",
    "fullImage": "https://static.colruytgroup.com/images/500x500/std.lang.all/78/52/asset-2317852.jpg",
    "squareImage": "https://static.colruytgroup.com/images/500x500sq/std.lang.all/78/52/asset-2317852.jpg",
    "content": "70cl",
    "price": {
      "basicPrice": 7.99,
      "recommendedQuantity": "1.0",
      "measurementUnitPrice": 11.42,
      "measurementUnit": "L",
      "isRedPrice": false,
      "pricePerUOM": 11.42,
      "activationDate": "11-05-2023",
      "isPromoActive": "N",
      "priceChangeCode": "E",
      "priceReason": "FALLBACK"
    },
    "isPriceAvailable": true,
    "channelAvailability": [
      "3_BE_STORE",
      "8_BE_STORE",
      "8_LU_STORE",
      "8_BE_COLLECT_NEXT_DAY",
      "8_BE_HOME_DELIVERY",
      "8_BE_HOME_DELIVERY_DRIVER"
    ],
    "businessDomain": "RETAIL_BE",
    "walkRouteSequenceNumber": 953,
    "isAvailable": true,
    "inPromo": false,
    "topCategoryName": "Boissons",
    "topCategoryId": "354",
    "categories": [
      {
        "name": "Boissons",
        "id": "354",
        "children": [
          {
            "name": "Ap\u00e9ritifs",
            "id": "399",
            "children": [
              {
                "name": "Cocktails pr\u00e9par\u00e9s",
                "id": "407"
              }
            ]
          }
        ]
      }
    ],
    "IsPrivateLabel": true,
    "amount": 0.7,
    "IsBiffe": false,
    "WeightconversionFactor": "0",
    "IsWeightArticle": false,
    "IsBio": false,
    "CountryOfOrigin": "BELGIQUE",
    "IsExclusivelySoldInLuxembourg": false,
    "OrderUnit": "P",
    "ShortName": "MAGA SEX BEACH 15% 70CL",
    "AlcoholDisclaimermsg": true,
    "IsNew": false,
    "amountUnit": "kg",
    "CountryOfOriginISO": "BE",
    "EcoscoreLabel": "B",
    "ShowAlcoholLegalMsg": true,
    "LongName": "MARIE GALANTE Sex On The Beach 15% 70cl",
    "RecentQuanityOfStockUnits": "1,6",
    "AlcoholVolume": "15",
    "FicCode": "I",
    "EcoscoreValue": "60"
  },
  {
    "technicalArticleNumber": "4276655",
    "commercialArticleNumber": "23127",
    "gtin": [
      "03147690089704",
      "03147691240593",
      "03147691281626"
    ],
    "productId": "606301",
    "name": "Tawny 19,0%vol",
    "description": "*Porto Tawny\n*Ap\u00e9ritif\n*19 % vol",
    "brand": "PORTO CRUZ",
    "seoBrand": "Porto Cruz",
    "thumbNail": "https://static.colruytgroup.com/images/200x200/std.lang.all/65/93/asset-3256593.jpg",
    "fullImage": "https://static.colruytgroup.com/images/500x500/std.lang.all/65/93/asset-3256593.jpg",
    "squareImage": "https://static.colruytgroup.com/images/500x500sq/std.lang.all/65/93/asset-3256593.jpg",
    "content": "75cl",
    "price": {
      "basicPrice": 8.49,
      "recommendedQuantity": "1.0",
      "quantityPrice": 7.49,
      "quantityPriceQuantity": "2.0",
      "measurementUnitPrice": 11.32,
      "measurementUnitQuantityPrice": 9.99,
      "measurementUnit": "L",
      "isRedPrice": false,
      "pricePerUOM": 11.32,
      "activationDate": "04-06-2025",
      "recordSource": "Offline",
      "isPromoActive": "N",
      "priceChangeCode": "E",
      "quantityPricePerUOM": 9.99,
      "quantityActivationDate": "04-06-2025",
      "quantityPriceChangeCode": "E",
      "priceReason": "Reaction"
    },
    "isPriceAvailable": true,
    "channelAvailability": [
      "8_LU_STORE",
      "8_BE_STORE",
      "3_BE_STORE",
      "8_BE_COLLECT_NEXT_DAY",
      "8_BE_HOME_DELIVERY",
      "8_BE_HOME_DELIVERY_DRIVER"
    ],
    "businessDomain": "RETAIL_BE",
    "walkRouteSequenceNumber": 701,
    "isAvailable": true,
    "inPromo": false,
    "topCategoryName": "Boissons",
    "topCategoryId": "354",
    "categories": [
      {
        "name": "Boissons",
        "id": "354",
        "children": [
          {
            "name": "Ap\u00e9ritifs",
            "id": "399",
            "children": [
              {
                "name": "Porto",
                "id": "400"
              }
            ]
          }
        ]
      }
    ],
    "IsPrivateLabel": false,
    "amount": 0.75,
    "IsBiffe": false,
    "WeightconversionFactor": "0",
    "IsWeightArticle": false,
    "IsBio": false,
    "CountryOfOrigin": "PORTUGAL",
    "IsExclusivelySoldInLuxembourg": false,
    "OrderUnit": "P",
    "ShortName": "CRUZ TAWNY 19% 75CL",
    "AlcoholDisclaimermsg": true,
    "IsNew": false,
    "amountUnit": "kg",
    "CountryOfOriginISO": "PT",
    "EcoscoreLabel": "D",
    "ShowAlcoholLegalMsg": true,
    "LongName": "PORTO CRUZ Tawny 19,0%vol 75cl",
    "RecentQuanityOfStockUnits": "6,1",
    "AlcoholVolume": "19",
    "FicCode": "E",
    "EcoscoreValue": "27"
  },
  {
    "technicalArticleNumber": "4890538",
    "commercialArticleNumber": "1140",
    "gtin": [
      "08001305332416",
      "08001305332409"
    ],
    "productId": "1266623",
    "name": "Limoncello 0%",
    "description": "*Limoncello\n*Ap\u00e9ritif\n*Sans alcool",
    "brand": "SOGNO ITALIANO",
    "seoBrand": "Sogno Italiano",
    "thumbNail": "https://static.colruytgroup.com/images/200x200/std.lang.all/57/70/asset-3785770.jpg",
    "fullImage": "https://static.colruytgroup.com/images/500x500/std.lang.all/57/70/asset-3785770.jpg",
    "squareImage": "https://static.colruytgroup.com/images/500x500sq/std.lang.all/57/70/asset-3785770.jpg",
    "content": "70cl",
    "price": {
      "basicPrice": 8.99,
      "recommendedQuantity": "1.0",
      "quantityPrice": 8.27,
      "quantityPriceQuantity": "6.0",
      "measurementUnitPrice": 12.85,
      "measurementUnitQuantityPrice": 11.82,
      "measurementUnit": "L",
      "isRedPrice": false,
      "pricePerUOM": 12.85,
      "activationDate": "07-05-2025",
      "isPromoActive": "N",
      "priceChangeCode": "H",
      "quantityPricePerUOM": 11.82,
      "quantityActivationDate": "07-05-2025",
      "quantityPriceChangeCode": "E",
      "priceReason": "FALLBACK"
    },
    "isPriceAvailable": true,
    "channelAvailability": [
      "8_BE_STORE",
      "8_LU_STORE",
      "8_BE_COLLECT_NEXT_DAY",
      "8_BE_HOME_DELIVERY",
      "8_BE_HOME_DELIVERY_DRIVER"
    ],
    "businessDomain": "RETAIL_BE",
    "walkRouteSequenceNumber": 613,
    "isAvailable": true,
    "inPromo": false,
    "topCategoryName": "Boissons",
    "topCategoryId": "354",
    "categories": [
      {
        "name": "Boissons",
        "id": "354",
        "children": [
          {
            "name": "Ap\u00e9ritifs",
            "id": "399",
            "children": [
              {
                "name": "Ap\u00e9ritifs sans alcool",
                "id": "411"
              }
            ]
          }
        ]
      }
    ],
    "IsPrivateLabel": false,
    "amount": 0.45,
    "IsBiffe": false,
    "WeightconversionFactor": "0",
    "IsWeightArticle": false,
    "IsBio": false,
    "CountryOfOrigin": "ITALIE",
    "IsExclusivelySoldInLuxembourg": false,
    "OrderUnit": "P",
    "ShortName": "SOIT LIMONCELLO 0% 70CL",
    "AlcoholDisclaimermsg": false,
    "IsNew": false,
    "amountUnit": "kg",
    "CountryOfOriginISO": "IT",
    "ShowAlcoholLegalMsg": false,
    "LongName": "SOGNO ITALIANO Limoncello 0% 70cl",
    "RecentQuanityOfStockUnits": "1",
    "AlcoholVolume": "0",
    "FicCode": "E"
  },
  {
    "technicalArticleNumber": "19015",
    "commercialArticleNumber": "19015",
    "gtin": [
      "05601034000735",
      "05601034001503",
      "05601034001527",
      "55601034000013",
      "05601034000445"
    ],
    "productId": "1278",
    "name": "Tawny Porto 19,5%",
    "description": "*Porto Tawny rouge\n*Ap\u00e9ritif\n*19,5 % vol",
    "brand": "OFFLEY",
    "seoBrand": "Offley",
    "thumbNail": "https://static.colruytgroup.com/images/200x200/std.lang.all/80/02/asset-2108002.jpg",
    "fullImage": "https://static.colruytgroup.com/images/500x500/std.lang.all/80/02/asset-2108002.jpg",
    "squareImage": "https://static.colruytgroup.com/images/500x500sq/std.lang.all/80/02/asset-2108002.jpg",
    "content": "75cl",
    "price": {
      "basicPrice": 9.45,
      "recommendedQuantity": "1.0",
      "quantityPrice": 9.07,
      "quantityPriceQuantity": "6.0",
      "measurementUnitPrice": 12.6,
      "measurementUnitQuantityPrice": 12.1,
      "measurementUnit": "L",
      "isRedPrice": false,
      "pricePerUOM": 12.6,
      "activationDate": "04-06-2025",
      "recordSource": "Offline",
      "isPromoActive": "N",
      "priceChangeCode": "H",
      "quantityPricePerUOM": 12.1,
      "quantityActivationDate": "04-06-2025",
      "quantityPriceChangeCode": "H",
      "priceReason": "Reaction"
    },
    "isPriceAvailable": true,
    "channelAvailability": [
      "3_BE_STORE",
      "8_BE_STORE",
      "8_LU_STORE",
      "8_BE_COLLECT_NEXT_DAY",
      "8_BE_HOME_DELIVERY",
      "8_BE_HOME_DELIVERY_DRIVER"
    ],
    "businessDomain": "RETAIL_BE",
    "walkRouteSequenceNumber": 716,
    "isAvailable": true,
    "inPromo": false,
    "topCategoryName": "Boissons",
    "topCategoryId": "354",
    "categories": [
      {
        "name": "Boissons",
        "id": "354",
        "children": [
          {
            "name": "Ap\u00e9ritifs",
            "id": "399",
            "children": [
              {
                "name": "Porto",
                "id": "400"
              }
            ]
          }
        ]
      }
    ],
    "IsPrivateLabel": false,
    "amount": 0.75,
    "IsBiffe": false,
    "WeightconversionFactor": "0",
    "IsWeightArticle": false,
    "IsBio": false,
    "CountryOfOrigin": "PORTUGAL",
    "IsExclusivelySoldInLuxembourg": false,
    "OrderUnit": "P",
    "ShortName": "OFFLEY PORTO TAWNY 75CL",
    "AlcoholDisclaimermsg": true,
    "IsNew": false,
    "amountUnit": "kg",
    "CountryOfOriginISO": "PT",
    "EcoscoreLabel": "D",
    "ShowAlcoholLegalMsg": true,
    "LongName": "OFFLEY Tawny Porto 19,5% 75cl",
    "RecentQuanityOfStockUnits": "6,1,6",
    "AlcoholVolume": "19.5",
    "FicCode": "E",
    "EcoscoreValue": "27"
  },
  {
    "technicalArticleNumber": "19017",
    "commercialArticleNumber": "19017",
    "gtin": [
      "05601034000759",
      "05601034002500",
      "05601034002524",
      "55601034000143"
    ],
    "productId": "1279",
    "name": "White Port 19,5%",
    "description": "*Porto blanc\n*Ap\u00e9ritif\n*19,5 % vol",
    "brand": "OFFLEY",
    "seoBrand": "Offley",
    "thumbNail": "https://static.colruytgroup.com/images/200x200/std.lang.all/77/62/asset-2107762.jpg",
    "fullImage": "https://static.colruytgroup.com/images/500x500/std.lang.all/77/62/asset-2107762.jpg",
    "squareImage": "https://static.colruytgroup.com/images/500x500sq/std.lang.all/77/62/asset-2107762.jpg",
    "content": "75cl",
    "price": {
      "basicPrice": 9.45,
      "recommendedQuantity": "1.0",
      "quantityPrice": 9.07,
      "quantityPriceQuantity": "6.0",
      "measurementUnitPrice": 12.6,
      "measurementUnitQuantityPrice": 12.1,
      "measurementUnit": "L",
      "isRedPrice": false,
      "pricePerUOM": 12.6,
      "activationDate": "04-06-2025",
      "recordSource": "Offline",
      "isPromoActive": "N",
      "priceChangeCode": "H",
      "quantityPricePerUOM": 12.1,
      "quantityActivationDate": "04-06-2025",
      "quantityPriceChangeCode": "H",
      "priceReason": "Reaction"
    },
    "isPriceAvailable": true,
    "channelAvailability": [
      "3_BE_STORE",
      "8_BE_STORE",
      "8_LU_STORE",
      "8_BE_COLLECT_NEXT_DAY",
      "8_BE_HOME_DELIVERY",
      "8_BE_HOME_DELIVERY_DRIVER"
    ],
    "businessDomain": "RETAIL_BE",
    "walkRouteSequenceNumber": 703,
    "isAvailable": true,
    "inPromo": false,
    "topCategoryName": "Boissons",
    "topCategoryId": "354",
    "categories": [
      {
        "name": "Boissons",
        "id": "354",
        "children": [
          {
            "name": "Ap\u00e9ritifs",
            "id": "399",
            "children": [
              {
                "name": "Porto",
                "id": "400"
              }
            ]
          }
        ]
      }
    ],
    "IsPrivateLabel": false,
    "amount": 0.75,
    "IsBiffe": false,
    "WeightconversionFactor": "0",
    "IsWeightArticle": false,
    "IsBio": false,
    "CountryOfOrigin": "PORTUGAL",
    "IsExclusivelySoldInLuxembourg": false,
    "OrderUnit": "P",
    "ShortName": "OFFLEY PORTO BLANC 75CL",
    "AlcoholDisclaimermsg": true,
    "IsNew": false,
    "amountUnit": "kg",
    "CountryOfOriginISO": "PT",
    "EcoscoreLabel": "D",
    "ShowAlcoholLegalMsg": true,
    "LongName": "OFFLEY White Port 19,5% 75cl",
    "RecentQuanityOfStockUnits": "1,6,6",
    "AlcoholVolume": "19.5",
    "FicCode": "E",
    "EcoscoreValue": "27"
  },
  {
    "technicalArticleNumber": "3538174",
    "commercialArticleNumber": "41403",
    "gtin": [
      "55601034000501",
      "05601034000520",
      "05601034000506"
    ],
    "productId": "239373",
    "name": "Ruby Porto 19,5%",
    "description": "*Porto\n*19,5 % vol\n*Ap\u00e9ritif",
    "brand": "OFFLEY",
    "seoBrand": "Offley",
    "thumbNail": "https://static.colruytgroup.com/images/200x200/std.lang.all/79/65/asset-2107965.jpg",
    "fullImage": "https://static.colruytgroup.com/images/500x500/std.lang.all/79/65/asset-2107965.jpg",
    "squareImage": "https://static.colruytgroup.com/images/500x500sq/std.lang.all/79/65/asset-2107965.jpg",
    "content": "75cl",
    "price": {
      "basicPrice": 9.45,
      "recommendedQuantity": "1.0",
      "measurementUnitPrice": 12.6,
      "measurementUnit": "L",
      "isRedPrice": false,
      "pricePerUOM": 12.6,
      "activationDate": "04-06-2025",
      "recordSource": "Online",
      "isPromoActive": "N",
      "priceChangeCode": "H",
      "priceReason": "Reaction"
    },
    "isPriceAvailable": true,
    "channelAvailability": [
      "8_BE_STORE",
      "8_LU_STORE",
      "8_BE_COLLECT_NEXT_DAY",
      "8_BE_HOME_DELIVERY",
      "8_BE_HOME_DELIVERY_DRIVER"
    ],
    "businessDomain": "RETAIL_BE",
    "walkRouteSequenceNumber": 715,
    "isAvailable": true,
    "inPromo": false,
    "topCategoryName": "Boissons",
    "topCategoryId": "354",
    "categories": [
      {
        "name": "Boissons",
        "id": "354",
        "children": [
          {
            "name": "Ap\u00e9ritifs",
            "id": "399",
            "children": [
              {
                "name": "Porto",
                "id": "400"
              }
            ]
          }
        ]
      }
    ],
    "IsPrivateLabel": false,
    "amount": 0.75,
    "IsBiffe": false,
    "WeightconversionFactor": "0",
    "IsWeightArticle": false,
    "IsBio": false,
    "CountryOfOrigin": "PORTUGAL",
    "IsExclusivelySoldInLuxembourg": false,
    "OrderUnit": "P",
    "ShortName": "OFFLEY PORTO RUBY 75CL",
    "AlcoholDisclaimermsg": true,
    "IsNew": false,
    "amountUnit": "kg",
    "CountryOfOriginISO": "PT",
    "EcoscoreLabel": "D",
    "ShowAlcoholLegalMsg": true,
    "LongName": "OFFLEY Ruby Porto 19,5% 75cl",
    "RecentQuanityOfStockUnits": "1",
    "AlcoholVolume": "19.5",
    "FicCode": "E",
    "EcoscoreValue": "27"
  },
  {
    "technicalArticleNumber": "4708160",
    "commercialArticleNumber": "31608",
    "gtin": [
      "03021891082798",
      "03760224570273"
    ],
    "productId": "857955",
    "name": "Pi\u00f1a Colada sans alcool BIB",
    "description": "*Sans alcool",
    "brand": "YUMMIX",
    "seoBrand": "Yummix",
    "thumbNail": "https://static.colruytgroup.com/images/200x200/std.lang.all/08/60/asset-3150860.jpg",
    "fullImage": "https://static.colruytgroup.com/images/500x500/std.lang.all/08/60/asset-3150860.jpg",
    "squareImage": "https://static.colruytgroup.com/images/500x500sq/std.lang.all/08/60/asset-3150860.jpg",
    "content": "3L",
    "price": {
      "basicPrice": 9.45,
      "recommendedQuantity": "1.0",
      "quantityPrice": 9.07,
      "quantityPriceQuantity": "3.0",
      "measurementUnitPrice": 3.15,
      "measurementUnitQuantityPrice": 3.03,
      "measurementUnit": "L",
      "isRedPrice": false,
      "pricePerUOM": 3.15,
      "activationDate": "16-11-2024",
      "isPromoActive": "N",
      "priceChangeCode": "H",
      "quantityPricePerUOM": 3.03,
      "quantityActivationDate": "16-11-2024",
      "quantityPriceChangeCode": "E",
      "priceReason": "FALLBACK"
    },
    "isPriceAvailable": true,
    "channelAvailability": [
      "8_BE_STORE",
      "8_LU_STORE",
      "8_BE_COLLECT_NEXT_DAY",
      "8_BE_HOME_DELIVERY",
      "8_BE_HOME_DELIVERY_DRIVER"
    ],
    "businessDomain": "RETAIL_BE",
    "walkRouteSequenceNumber": 1552,
    "isAvailable": true,
    "inPromo": false,
    "topCategoryName": "Boissons",
    "topCategoryId": "354",
    "categories": [
      {
        "name": "Boissons",
        "id": "354",
        "children": [
          {
            "name": "Ap\u00e9ritifs",
            "id": "399",
            "children": [
              {
                "name": "Ap\u00e9ritifs sans alcool",
                "id": "411"
              }
            ]
          }
        ]
      }
    ],
    "IsPrivateLabel": false,
    "amount": {
      "source": "3.0",
      "parsedValue": 3
    },
    "IsBiffe": false,
    "WeightconversionFactor": "0",
    "IsWeightArticle": false,
    "IsBio": false,
    "CountryOfOrigin": "FRANCE",
    "IsExclusivelySoldInLuxembourg": false,
    "OrderUnit": "P",
    "ShortName": "BBQ YUMM PINA CO0%BIB3L",
    "InSeason": true,
    "IsNew": false,
    "amountUnit": "kg",
    "CountryOfOriginISO": "FR",
    "LongName": "YUMMIX Pi\u00f1a Colada sans alcool BIB 3L",
    "RecentQuanityOfStockUnits": "1,3",
    "StartSeasonDate": "16/01/2024",
    "FicCode": "E"
  },
  {
    "technicalArticleNumber": "3778657",
    "commercialArticleNumber": "42085",
    "gtin": [
      "15400141203278",
      "05400141203271"
    ],
    "productId": "319547",
    "name": "Blue Cura\u00e7ao 21%",
    "description": "*21% vol\n*Base pour cocktail",
    "brand": "MARIE GALANTE",
    "seoBrand": "Marie Galante",
    "thumbNail": "https://static.colruytgroup.com/images/200x200/std.lang.all/83/83/asset-1768383.jpg",
    "fullImage": "https://static.colruytgroup.com/images/500x500/std.lang.all/83/83/asset-1768383.jpg",
    "squareImage": "https://static.colruytgroup.com/images/500x500sq/std.lang.all/83/83/asset-1768383.jpg",
    "content": "70cl",
    "price": {
      "basicPrice": 9.79,
      "recommendedQuantity": "1.0",
      "measurementUnitPrice": 13.99,
      "measurementUnit": "L",
      "isRedPrice": false,
      "pricePerUOM": 13.99,
      "activationDate": "03-01-2025",
      "isPromoActive": "N",
      "priceChangeCode": "L",
      "priceReason": "FALLBACK"
    },
    "isPriceAvailable": true,
    "channelAvailability": [
      "8_BE_STORE",
      "8_LU_STORE",
      "8_BE_COLLECT_NEXT_DAY",
      "8_BE_HOME_DELIVERY",
      "8_BE_HOME_DELIVERY_DRIVER"
    ],
    "businessDomain": "RETAIL_BE",
    "walkRouteSequenceNumber": 963,
    "isAvailable": true,
    "inPromo": false,
    "topCategoryName": "Boissons",
    "topCategoryId": "354",
    "categories": [
      {
        "name": "Boissons",
        "id": "354",
        "children": [
          {
            "name": "Ap\u00e9ritifs",
            "id": "399",
            "children": [
              {
                "name": "Autres ap\u00e9ritifs",
                "id": "408"
              }
            ]
          }
        ]
      }
    ],
    "IsPrivateLabel": true,
    "amount": 0.7,
    "IsBiffe": false,
    "WeightconversionFactor": "0",
    "IsWeightArticle": false,
    "IsBio": false,
    "CountryOfOrigin": "FRANCE",
    "IsExclusivelySoldInLuxembourg": false,
    "OrderUnit": "P",
    "ShortName": "MARI GAL BL.CUR.21%70CL",
    "AlcoholDisclaimermsg": true,
    "IsNew": false,
    "amountUnit": "kg",
    "CountryOfOriginISO": "FR",
    "EcoscoreLabel": "D",
    "ShowAlcoholLegalMsg": true,
    "LongName": "MARIE GALANTE Blue Cura\u00e7ao 21% 70cl",
    "RecentQuanityOfStockUnits": "1,6",
    "AlcoholVolume": "21",
    "FicCode": "I",
    "EcoscoreValue": "30"
  },
  {
    "technicalArticleNumber": "19008",
    "commercialArticleNumber": "19008",
    "gtin": [
      "05010867900301",
      "05010867900530"
    ],
    "productId": "1275",
    "name": "Mad\u00e8re 17%",
    "description": "*Vin de liqueur\n*Usage culinaire\n*17,0 % vol",
    "brand": "SANTA MARIA",
    "seoBrand": "Santa Maria",
    "thumbNail": "https://static.colruytgroup.com/images/200x200/std.lang.all/05/58/asset-370558.jpg",
    "fullImage": "https://static.colruytgroup.com/images/500x500/std.lang.all/05/58/asset-370558.jpg",
    "squareImage": "https://static.colruytgroup.com/images/500x500sq/std.lang.all/05/58/asset-370558.jpg",
    "content": "75cl",
    "price": {
      "basicPrice": 9.99,
      "recommendedQuantity": "1.0",
      "quantityPrice": 9.48,
      "quantityPriceQuantity": "6.0",
      "measurementUnitPrice": 13.32,
      "measurementUnitQuantityPrice": 12.64,
      "measurementUnit": "L",
      "isRedPrice": false,
      "pricePerUOM": 13.32,
      "activationDate": "27-02-2025",
      "recordSource": "Offline",
      "isPromoActive": "N",
      "priceChangeCode": "E",
      "quantityPricePerUOM": 12.64,
      "quantityActivationDate": "27-02-2025",
      "quantityPriceChangeCode": "L",
      "priceReason": "Reaction"
    },
    "isPriceAvailable": true,
    "channelAvailability": [
      "8_BE_STORE",
      "8_LU_STORE",
      "8_BE_COLLECT_NEXT_DAY",
      "8_BE_HOME_DELIVERY",
      "8_BE_HOME_DELIVERY_DRIVER"
    ],
    "businessDomain": "RETAIL_BE",
    "walkRouteSequenceNumber": 673,
    "isAvailable": true,
    "inPromo": false,
    "topCategoryName": "Boissons",
    "topCategoryId": "354",
    "categories": [
      {
        "name": "Boissons",
        "id": "354",
        "children": [
          {
            "name": "Ap\u00e9ritifs",
            "id": "399",
            "children": [
              {
                "name": "Ap\u00e9ritifs/Vins de liqueur",
                "id": "403"
              }
            ]
          }
        ]
      }
    ],
    "IsPrivateLabel": false,
    "amount": 0.75,
    "IsBiffe": false,
    "WeightconversionFactor": "0",
    "IsWeightArticle": false,
    "IsBio": false,
    "CountryOfOrigin": "BELGIQUE",
    "IsExclusivelySoldInLuxembourg": false,
    "OrderUnit": "P",
    "ShortName": "SANTA MARIA MADEIRA 75C",
    "AlcoholDisclaimermsg": true,
    "IsNew": false,
    "amountUnit": "kg",
    "CountryOfOriginISO": "BE",
    "ShowAlcoholLegalMsg": true,
    "LongName": "SANTA MARIA Mad\u00e8re 17% 75cl",
    "RecentQuanityOfStockUnits": "1,6",
    "AlcoholVolume": "17",
    "FicCode": "E"
  },
  {
    "technicalArticleNumber": "19002",
    "commercialArticleNumber": "19002",
    "gtin": [
      "03250510430058",
      "03250510436050"
    ],
    "productId": "1380",
    "name": "P.Charentes 17,0%vol",
    "description": "*Vin de liqueur\n*Ap\u00e9ritif\n*17,0 % vol",
    "brand": "VIGIER-LATOUR",
    "seoBrand": "Vigier-Latour",
    "thumbNail": "https://static.colruytgroup.com/images/200x200/std.lang.all/20/83/asset-1592083.jpg",
    "fullImage": "https://static.colruytgroup.com/images/500x500/std.lang.all/20/83/asset-1592083.jpg",
    "squareImage": "https://static.colruytgroup.com/images/500x500sq/std.lang.all/20/83/asset-1592083.jpg",
    "content": "75cl",
    "price": {
      "basicPrice": 9.99,
      "recommendedQuantity": "1.0",
      "measurementUnitPrice": 13.32,
      "measurementUnit": "L",
      "isRedPrice": false,
      "pricePerUOM": 13.32,
      "activationDate": "04-06-2025",
      "isPromoActive": "Y",
      "priceChangeCode": "E",
      "priceReason": "Promo"
    },
    "isPriceAvailable": true,
    "channelAvailability": [
      "3_BE_STORE",
      "8_BE_STORE",
      "8_LU_STORE",
      "8_BE_COLLECT_NEXT_DAY",
      "8_BE_HOME_DELIVERY",
      "8_BE_HOME_DELIVERY_DRIVER"
    ],
    "businessDomain": "RETAIL_BE",
    "walkRouteSequenceNumber": 680,
    "isAvailable": true,
    "inPromo": true,
    "promotion": [
      {
        "techPromoId": "101274COLR",
        "promotionId": "101274",
        "promotionType": "3",
        "isPersonalized": "N",
        "publicationStartDate": "04-06-2025",
        "publicationEndDate": "17-06-2025",
        "topPromo": false
      }
    ],
    "topCategoryName": "Boissons",
    "topCategoryId": "354",
    "categories": [
      {
        "name": "Boissons",
        "id": "354",
        "children": [
          {
            "name": "Ap\u00e9ritifs",
            "id": "399",
            "children": [
              {
                "name": "Ap\u00e9ritifs/Vins de liqueur",
                "id": "403"
              }
            ]
          }
        ]
      }
    ],
    "IsPrivateLabel": false,
    "amount": 0.75,
    "IsBiffe": false,
    "WeightconversionFactor": "0",
    "IsWeightArticle": false,
    "IsBio": false,
    "CountryOfOrigin": "FRANCE",
    "IsExclusivelySoldInLuxembourg": false,
    "OrderUnit": "P",
    "ShortName": "PINEAU CHARENT VIGIER L",
    "AlcoholDisclaimermsg": true,
    "IsNew": false,
    "amountUnit": "kg",
    "CountryOfOriginISO": "FR",
    "EcoscoreLabel": "B",
    "ShowAlcoholLegalMsg": true,
    "LongName": "VIGIER-LATOUR P.Charentes 17,0%vol 75cl",
    "RecentQuanityOfStockUnits": "1,6",
    "AlcoholVolume": "17",
    "FicCode": "E",
    "EcoscoreValue": "62"
  },
  {
    "technicalArticleNumber": "19003",
    "commercialArticleNumber": "19003",
    "gtin": [
      "03250510430355",
      "03250510430751"
    ],
    "productId": "1381",
    "name": "P.Char. ros\u00e9 17,0%vol",
    "description": "*Vin de liqueur ros\u00e9\n*Ap\u00e9ritif\n*17,0 % vol",
    "brand": "VIGIER-LATOUR",
    "seoBrand": "Vigier-Latour",
    "thumbNail": "https://static.colruytgroup.com/images/200x200/std.lang.all/33/64/asset-783364.jpg",
    "fullImage": "https://static.colruytgroup.com/images/500x500/std.lang.all/33/64/asset-783364.jpg",
    "squareImage": "https://static.colruytgroup.com/images/500x500sq/std.lang.all/33/64/asset-783364.jpg",
    "content": "75cl",
    "price": {
      "basicPrice": 9.99,
      "recommendedQuantity": "1.0",
      "measurementUnitPrice": 13.32,
      "measurementUnit": "L",
      "isRedPrice": false,
      "pricePerUOM": 13.32,
      "activationDate": "10-04-2024",
      "isPromoActive": "N",
      "priceChangeCode": "E",
      "priceReason": "FALLBACK"
    },
    "isPriceAvailable": true,
    "channelAvailability": [
      "3_BE_STORE",
      "8_BE_STORE",
      "8_LU_STORE",
      "8_BE_COLLECT_NEXT_DAY",
      "8_BE_HOME_DELIVERY",
      "8_BE_HOME_DELIVERY_DRIVER"
    ],
    "businessDomain": "RETAIL_BE",
    "walkRouteSequenceNumber": 682,
    "isAvailable": true,
    "inPromo": true,
    "promotion": [
      {
        "techPromoId": "101274COLR",
        "promotionId": "101274",
        "promotionType": "3",
        "isPersonalized": "N",
        "publicationStartDate": "04-06-2025",
        "publicationEndDate": "17-06-2025",
        "topPromo": false
      }
    ],
    "topCategoryName": "Boissons",
    "topCategoryId": "354",
    "categories": [
      {
        "name": "Boissons",
        "id": "354",
        "children": [
          {
            "name": "Ap\u00e9ritifs",
            "id": "399",
            "children": [
              {
                "name": "Ap\u00e9ritifs/Vins de liqueur",
                "id": "403"
              }
            ]
          }
        ]
      }
    ],
    "IsPrivateLabel": false,
    "amount": 0.75,
    "IsBiffe": false,
    "WeightconversionFactor": "0",
    "IsWeightArticle": false,
    "IsBio": false,
    "CountryOfOrigin": "FRANCE",
    "IsExclusivelySoldInLuxembourg": false,
    "OrderUnit": "P",
    "ShortName": "PINEAU CHARENTES ROSE",
    "AlcoholDisclaimermsg": true,
    "IsNew": false,
    "amountUnit": "kg",
    "CountryOfOriginISO": "FR",
    "EcoscoreLabel": "B",
    "ShowAlcoholLegalMsg": true,
    "LongName": "VIGIER-LATOUR P.Char. ros\u00e9 17,0%vol 75cl",
    "RecentQuanityOfStockUnits": "1,6",
    "AlcoholVolume": "17",
    "FicCode": "E",
    "EcoscoreValue": "60"
  },
  {
    "technicalArticleNumber": "2486689",
    "commercialArticleNumber": "38406",
    "gtin": [
      "05010867801141",
      "05010867801158"
    ],
    "productId": "49000",
    "name": "Sp.Reserve Port 20,0%vol",
    "description": "*Porto Reserve\n*4 \u00e0 5 ans d'\u00e2ge\n*Ap\u00e9ritif\n*20,0 % vol",
    "brand": "COCKBURN'S",
    "seoBrand": "Cockburn's",
    "thumbNail": "https://static.colruytgroup.com/images/200x200/std.lang.all/04/65/asset-2030465.jpg",
    "fullImage": "https://static.colruytgroup.com/images/500x500/std.lang.all/04/65/asset-2030465.jpg",
    "squareImage": "https://static.colruytgroup.com/images/500x500sq/std.lang.all/04/65/asset-2030465.jpg",
    "content": "75cl",
    "price": {
      "basicPrice": 9.99,
      "recommendedQuantity": "1.0",
      "measurementUnitPrice": 13.32,
      "measurementUnit": "L",
      "isRedPrice": false,
      "pricePerUOM": 13.32,
      "activationDate": "25-02-2025",
      "isPromoActive": "N",
      "priceChangeCode": "E",
      "priceReason": "FALLBACK"
    },
    "isPriceAvailable": true,
    "channelAvailability": [
      "8_BE_STORE",
      "8_LU_STORE",
      "8_BE_COLLECT_NEXT_DAY",
      "8_BE_HOME_DELIVERY_DRIVER"
    ],
    "businessDomain": "RETAIL_BE",
    "walkRouteSequenceNumber": 709,
    "isAvailable": true,
    "inPromo": false,
    "topCategoryName": "Boissons",
    "topCategoryId": "354",
    "categories": [
      {
        "name": "Boissons",
        "id": "354",
        "children": [
          {
            "name": "Ap\u00e9ritifs",
            "id": "399",
            "children": [
              {
                "name": "Porto",
                "id": "400"
              }
            ]
          }
        ]
      }
    ],
    "IsPrivateLabel": false,
    "amount": 0.75,
    "IsBiffe": false,
    "WeightconversionFactor": "0",
    "IsWeightArticle": false,
    "IsBio": false,
    "CountryOfOrigin": "PORTUGAL",
    "IsExclusivelySoldInLuxembourg": false,
    "OrderUnit": "P",
    "ShortName": "COCK PORTO SPEC.RES75C",
    "AlcoholDisclaimermsg": true,
    "IsNew": false,
    "amountUnit": "kg",
    "CountryOfOriginISO": "PT",
    "EcoscoreLabel": "C",
    "ShowAlcoholLegalMsg": true,
    "LongName": "COCKBURN'S Sp.Reserve Port 20,0%vol 75cl",
    "RecentQuanityOfStockUnits": "1",
    "AlcoholVolume": "20",
    "FicCode": "E",
    "EcoscoreValue": "54"
  },
  {
    "technicalArticleNumber": "3693328",
    "commercialArticleNumber": "16180",
    "gtin": [
      "03280790000054",
      "03280796000058"
    ],
    "productId": "291001",
    "name": "15,0%vol",
    "description": "*Vin de liqueur\nblanc\n*Ap\u00e9ritif\n*15,0 % vol",
    "brand": "MUSCAT BEAUMES DE VENISE",
    "seoBrand": "Muscat Beaumes De Venise",
    "thumbNail": "https://static.colruytgroup.com/images/200x200/std.lang.all/87/34/asset-1228734.jpg",
    "fullImage": "https://static.colruytgroup.com/images/500x500/std.lang.all/87/34/asset-1228734.jpg",
    "squareImage": "https://static.colruytgroup.com/images/500x500sq/std.lang.all/87/34/asset-1228734.jpg",
    "content": "75cl",
    "price": {
      "basicPrice": 9.99,
      "recommendedQuantity": "1.0",
      "measurementUnitPrice": 13.32,
      "measurementUnit": "L",
      "isRedPrice": false,
      "pricePerUOM": 13.32,
      "activationDate": "15-04-2025",
      "recordSource": "Offline",
      "isPromoActive": "N",
      "priceChangeCode": "E",
      "priceReason": "Reaction"
    },
    "isPriceAvailable": true,
    "channelAvailability": [
      "8_BE_STORE",
      "8_LU_STORE",
      "8_BE_COLLECT_NEXT_DAY",
      "8_BE_HOME_DELIVERY_DRIVER"
    ],
    "businessDomain": "RETAIL_BE",
    "walkRouteSequenceNumber": 671,
    "isAvailable": true,
    "inPromo": false,
    "topCategoryName": "Boissons",
    "topCategoryId": "354",
    "categories": [
      {
        "name": "Boissons",
        "id": "354",
        "children": [
          {
            "name": "Ap\u00e9ritifs",
            "id": "399",
            "children": [
              {
                "name": "Ap\u00e9ritifs/Vins de liqueur",
                "id": "403"
              }
            ]
          }
        ]
      }
    ],
    "IsPrivateLabel": false,
    "amount": 0.75,
    "IsBiffe": false,
    "WeightconversionFactor": "0",
    "IsWeightArticle": false,
    "IsBio": false,
    "CountryOfOrigin": "BELGIQUE",
    "IsExclusivelySoldInLuxembourg": false,
    "OrderUnit": "P",
    "ShortName": "MUSC BEAUMES VENISE 75C",
    "AlcoholDisclaimermsg": true,
    "IsNew": false,
    "amountUnit": "kg",
    "CountryOfOriginISO": "BE",
    "ShowAlcoholLegalMsg": true,
    "LongName": "MUSCAT BEAUMES DE VENISE 15,0%vol 75cl",
    "RecentQuanityOfStockUnits": "1",
    "AlcoholVolume": "15",
    "FicCode": "E"
  },
  {
    "technicalArticleNumber": "4715189",
    "commercialArticleNumber": "31937",
    "gtin": [
      "08002230340545",
      "08002230340538"
    ],
    "productId": "863641",
    "name": "9%",
    "description": "*Bitter\n*Ap\u00e9ritif\n*9,0 % vol",
    "brand": "APEROL SPRITZ",
    "seoBrand": "Aperol Spritz",
    "thumbNail": "https://static.colruytgroup.com/images/200x200/fra/86/71/asset-3208671.jpg",
    "fullImage": "https://static.colruytgroup.com/images/500x500/fra/86/71/asset-3208671.jpg",
    "squareImage": "https://static.colruytgroup.com/images/500x500sq/fra/86/71/asset-3208671.jpg",
    "content": "3x20cl",
    "price": {
      "basicPrice": 9.99,
      "recommendedQuantity": "1.0",
      "measurementUnitPrice": 16.65,
      "measurementUnit": "L",
      "isRedPrice": false,
      "pricePerUOM": 16.65,
      "activationDate": "12-05-2025",
      "recordSource": "Offline",
      "isPromoActive": "N",
      "priceChangeCode": "E",
      "priceReason": "Reaction"
    },
    "isPriceAvailable": true,
    "channelAvailability": [
      "3_BE_STORE",
      "8_BE_STORE",
      "8_BE_COLLECT_NEXT_DAY",
      "8_BE_HOME_DELIVERY",
      "8_BE_HOME_DELIVERY_DRIVER"
    ],
    "businessDomain": "RETAIL_BE",
    "walkRouteSequenceNumber": 936,
    "isAvailable": true,
    "inPromo": false,
    "topCategoryName": "Boissons",
    "topCategoryId": "354",
    "categories": [
      {
        "name": "Boissons",
        "id": "354",
        "children": [
          {
            "name": "Ap\u00e9ritifs",
            "id": "399",
            "children": [
              {
                "name": "Bitters",
                "id": "406"
              }
            ]
          }
        ]
      }
    ],
    "IsPrivateLabel": false,
    "amount": 0.6,
    "IsBiffe": false,
    "WeightconversionFactor": "0",
    "IsWeightArticle": false,
    "IsBio": false,
    "CountryOfOrigin": "ITALIE",
    "IsExclusivelySoldInLuxembourg": false,
    "OrderUnit": "P",
    "ShortName": "APER SPRITZ 9% 3X20CL",
    "AlcoholDisclaimermsg": true,
    "IsNew": false,
    "amountUnit": "kg",
    "CountryOfOriginISO": "IT",
    "EcoscoreLabel": "D",
    "ShowAlcoholLegalMsg": true,
    "LongName": "APEROL SPRITZ 9% 3x20cl",
    "RecentQuanityOfStockUnits": "1,8",
    "AlcoholVolume": "9",
    "FicCode": "E",
    "EcoscoreValue": "31"
  },
  {
    "technicalArticleNumber": "4817713",
    "commercialArticleNumber": "12544",
    "gtin": [
      "07630040407779",
      "07630040407762"
    ],
    "productId": "1122566",
    "name": "Mimosa",
    "brand": "MARTINI",
    "seoBrand": "Martini",
    "thumbNail": "https://static.colruytgroup.com/images/200x200/std.lang.all/32/46/asset-3513246.jpg",
    "fullImage": "https://static.colruytgroup.com/images/500x500/std.lang.all/32/46/asset-3513246.jpg",
    "squareImage": "https://static.colruytgroup.com/images/500x500sq/std.lang.all/32/46/asset-3513246.jpg",
    "content": "75cl",
    "price": {
      "basicPrice": 9.99,
      "recommendedQuantity": "1.0",
      "measurementUnitPrice": 13.32,
      "measurementUnit": "L",
      "isRedPrice": false,
      "pricePerUOM": 13.32,
      "activationDate": "04-06-2025",
      "recordSource": "Offline",
      "isPromoActive": "N",
      "priceChangeCode": "E",
      "priceReason": "Reaction"
    },
    "isPriceAvailable": true,
    "channelAvailability": [
      "8_BE_STORE",
      "8_BE_COLLECT_NEXT_DAY",
      "8_BE_HOME_DELIVERY",
      "8_BE_HOME_DELIVERY_DRIVER"
    ],
    "businessDomain": "RETAIL_BE",
    "walkRouteSequenceNumber": 675,
    "isAvailable": true,
    "inPromo": true,
    "promotion": [
      {
        "techPromoId": "101172COLR",
        "promotionId": "101172",
        "promotionType": "3",
        "isPersonalized": "N",
        "publicationStartDate": "04-06-2025",
        "publicationEndDate": "17-06-2025",
        "topPromo": false
      }
    ],
    "topCategoryName": "Boissons",
    "topCategoryId": "354",
    "categories": [
      {
        "name": "Boissons",
        "id": "354",
        "children": [
          {
            "name": "Ap\u00e9ritifs",
            "id": "399",
            "children": [
              {
                "name": "Autres ap\u00e9ritifs",
                "id": "408"
              }
            ]
          }
        ]
      }
    ],
    "IsPrivateLabel": false,
    "amount": 0.75,
    "IsBiffe": false,
    "IsWeightArticle": false,
    "WeightconversionFactor": "0",
    "IsBio": false,
    "CountryOfOrigin": "ITALIE",
    "IsExclusivelySoldInLuxembourg": false,
    "OrderUnit": "P",
    "AlcoholDisclaimermsg": true,
    "ShortName": "MART MIMOSA 75CL",
    "IsNew": false,
    "amountUnit": "kg",
    "CountryOfOriginISO": "IT",
    "servings": 7.5,
    "EcoscoreLabel": "C",
    "ShowAlcoholLegalMsg": true,
    "LongName": "MARTINI Mimosa 75cl",
    "RecentQuanityOfStockUnits": "1,6",
    "AlcoholVolume": "8",
    "FicCode": "E",
    "EcoscoreValue": "41"
  },
  {
    "technicalArticleNumber": "4272391",
    "commercialArticleNumber": "22987",
    "gtin": [
      "07630040403665",
      "07630040403658"
    ],
    "productId": "603857",
    "name": "Vibrante <0.5%",
    "description": "*Ap\u00e9ritif\n*Sans alcool",
    "brand": "MARTINI",
    "seoBrand": "Martini",
    "thumbNail": "https://static.colruytgroup.com/images/200x200/std.lang.all/13/78/asset-2091378.jpg",
    "fullImage": "https://static.colruytgroup.com/images/500x500/std.lang.all/13/78/asset-2091378.jpg",
    "squareImage": "https://static.colruytgroup.com/images/500x500sq/std.lang.all/13/78/asset-2091378.jpg",
    "content": "75cl",
    "price": {
      "basicPrice": 9.99,
      "recommendedQuantity": "1.0",
      "measurementUnitPrice": 13.32,
      "measurementUnit": "L",
      "isRedPrice": false,
      "pricePerUOM": 13.32,
      "activationDate": "05-06-2025",
      "recordSource": "Offline",
      "isPromoActive": "N",
      "priceChangeCode": "E",
      "priceReason": "Reaction"
    },
    "isPriceAvailable": true,
    "channelAvailability": [
      "3_BE_STORE",
      "8_BE_STORE",
      "8_LU_STORE",
      "8_BE_COLLECT_NEXT_DAY",
      "8_BE_HOME_DELIVERY",
      "8_BE_HOME_DELIVERY_DRIVER"
    ],
    "businessDomain": "RETAIL_BE",
    "walkRouteSequenceNumber": 603,
    "isAvailable": true,
    "inPromo": false,
    "topCategoryName": "Boissons",
    "topCategoryId": "354",
    "categories": [
      {
        "name": "Boissons",
        "id": "354",
        "children": [
          {
            "name": "Ap\u00e9ritifs",
            "id": "399",
            "children": [
              {
                "name": "Ap\u00e9ritifs sans alcool",
                "id": "411"
              }
            ]
          }
        ]
      }
    ],
    "IsPrivateLabel": false,
    "amount": 0.75,
    "IsBiffe": false,
    "WeightconversionFactor": "0",
    "IsWeightArticle": false,
    "nutriscoreLabel": "E",
    "IsBio": false,
    "CountryOfOrigin": "ITALIE",
    "IsExclusivelySoldInLuxembourg": false,
    "OrderUnit": "P",
    "ShortName": "MART VIBRANTE 0.5% 75CL",
    "AlcoholDisclaimermsg": false,
    "IsNew": false,
    "amountUnit": "kg",
    "CountryOfOriginISO": "IT",
    "ShowAlcoholLegalMsg": false,
    "LongName": "MARTINI Vibrante <0.5% 75cl",
    "RecentQuanityOfStockUnits": "1,6",
    "AlcoholVolume": "0.3",
    "FicCode": "E"
  },
  {
    "technicalArticleNumber": "4276633",
    "commercialArticleNumber": "23126",
    "gtin": [
      "03147691240579",
      "03147699106525",
      "03147691281664"
    ],
    "productId": "606279",
    "name": "Pink 19%",
    "description": "*Porto ros\u00e9\n*Ap\u00e9ritif\n*19 % vol",
    "brand": "PORTO CRUZ",
    "seoBrand": "Porto Cruz",
    "thumbNail": "https://static.colruytgroup.com/images/200x200/std.lang.all/65/92/asset-3256592.jpg",
    "fullImage": "https://static.colruytgroup.com/images/500x500/std.lang.all/65/92/asset-3256592.jpg",
    "squareImage": "https://static.colruytgroup.com/images/500x500sq/std.lang.all/65/92/asset-3256592.jpg",
    "content": "75cl",
    "price": {
      "basicPrice": 9.99,
      "recommendedQuantity": "1.0",
      "quantityPrice": 7.49,
      "quantityPriceQuantity": "2.0",
      "measurementUnitPrice": 13.32,
      "measurementUnitQuantityPrice": 9.99,
      "measurementUnit": "L",
      "isRedPrice": false,
      "pricePerUOM": 13.32,
      "activationDate": "04-06-2025",
      "recordSource": "Folder",
      "isPromoActive": "N",
      "priceChangeCode": "H",
      "quantityPricePerUOM": 9.99,
      "quantityActivationDate": "04-06-2025",
      "quantityPriceChangeCode": "E",
      "priceReason": "Reaction"
    },
    "isPriceAvailable": true,
    "channelAvailability": [
      "8_BE_STORE",
      "8_LU_STORE",
      "8_BE_COLLECT_NEXT_DAY",
      "8_BE_HOME_DELIVERY_DRIVER"
    ],
    "businessDomain": "RETAIL_BE",
    "walkRouteSequenceNumber": 700,
    "isAvailable": true,
    "inPromo": false,
    "topCategoryName": "Boissons",
    "topCategoryId": "354",
    "categories": [
      {
        "name": "Boissons",
        "id": "354",
        "children": [
          {
            "name": "Ap\u00e9ritifs",
            "id": "399",
            "children": [
              {
                "name": "Porto",
                "id": "400"
              }
            ]
          }
        ]
      }
    ],
    "IsPrivateLabel": false,
    "amount": 0.75,
    "IsBiffe": false,
    "WeightconversionFactor": "0",
    "IsWeightArticle": false,
    "IsBio": false,
    "CountryOfOrigin": "PORTUGAL",
    "IsExclusivelySoldInLuxembourg": false,
    "OrderUnit": "P",
    "ShortName": "CRUZ PINK 19% 75CL",
    "AlcoholDisclaimermsg": true,
    "IsNew": false,
    "amountUnit": "kg",
    "CountryOfOriginISO": "PT",
    "EcoscoreLabel": "D",
    "ShowAlcoholLegalMsg": true,
    "LongName": "PORTO CRUZ Pink 19% 75cl",
    "RecentQuanityOfStockUnits": "1,6",
    "AlcoholVolume": "19",
    "FicCode": "E",
    "EcoscoreValue": "27"
  },
  {
    "technicalArticleNumber": "4887203",
    "commercialArticleNumber": "39295",
    "gtin": [
      "08435742500563",
      "08435742520660"
    ],
    "productId": "1264120",
    "name": "Sangria ros\u00e9 6% BIB",
    "brand": "MIGUEL FUERTE",
    "seoBrand": "Miguel Fuerte",
    "thumbNail": "https://static.colruytgroup.com/images/200x200/std.lang.all/72/99/asset-3857299.jpg",
    "fullImage": "https://static.colruytgroup.com/images/500x500/std.lang.all/72/99/asset-3857299.jpg",
    "squareImage": "https://static.colruytgroup.com/images/500x500sq/std.lang.all/72/99/asset-3857299.jpg",
    "content": "3L",
    "price": {
      "basicPrice": 9.99,
      "recommendedQuantity": "1.0",
      "quantityPrice": 9.19,
      "quantityPriceQuantity": "3.0",
      "measurementUnitPrice": 3.33,
      "measurementUnitQuantityPrice": 3.07,
      "measurementUnit": "L",
      "isRedPrice": false,
      "pricePerUOM": 3.33,
      "activationDate": "08-02-2025",
      "isPromoActive": "N",
      "priceChangeCode": "E",
      "quantityPricePerUOM": 3.07,
      "quantityActivationDate": "08-02-2025",
      "quantityPriceChangeCode": "E",
      "priceReason": "FALLBACK"
    },
    "isPriceAvailable": true,
    "channelAvailability": [
      "3_BE_STORE",
      "8_BE_STORE",
      "8_LU_STORE",
      "8_BE_COLLECT_NEXT_DAY",
      "8_BE_HOME_DELIVERY",
      "8_BE_HOME_DELIVERY_DRIVER"
    ],
    "businessDomain": "RETAIL_BE",
    "walkRouteSequenceNumber": 974,
    "isAvailable": true,
    "inPromo": false,
    "topCategoryName": "Boissons",
    "topCategoryId": "354",
    "categories": [
      {
        "name": "Boissons",
        "id": "354",
        "children": [
          {
            "name": "Ap\u00e9ritifs",
            "id": "399",
            "children": [
              {
                "name": "Autres ap\u00e9ritifs",
                "id": "408"
              }
            ]
          }
        ]
      }
    ],
    "IsPrivateLabel": false,
    "amount": {
      "source": "3.0",
      "parsedValue": 3
    },
    "IsBiffe": false,
    "WeightconversionFactor": "0",
    "IsWeightArticle": false,
    "IsBio": false,
    "CountryOfOrigin": "ESPAGNE",
    "IsExclusivelySoldInLuxembourg": false,
    "OrderUnit": "P",
    "ShortName": "MIFU SANGRIA ROSE BIB3L",
    "AlcoholDisclaimermsg": true,
    "IsNew": false,
    "amountUnit": "kg",
    "CountryOfOriginISO": "ES",
    "EcoscoreLabel": "E",
    "ShowAlcoholLegalMsg": true,
    "LongName": "MIGUEL FUERTE Sangria ros\u00e9 6% BIB 3L",
    "RecentQuanityOfStockUnits": "1",
    "AlcoholVolume": "6",
    "FicCode": "E",
    "EcoscoreValue": "19"
  },
  {
    "technicalArticleNumber": "4887214",
    "commercialArticleNumber": "39303",
    "gtin": [
      "08435742520653",
      "08435742500556"
    ],
    "productId": "1264131",
    "name": "Sangria rouge 6% BIB",
    "brand": "MIGUEL FUERTE",
    "seoBrand": "Miguel Fuerte",
    "thumbNail": "https://static.colruytgroup.com/images/200x200/std.lang.all/73/01/asset-3857301.jpg",
    "fullImage": "https://static.colruytgroup.com/images/500x500/std.lang.all/73/01/asset-3857301.jpg",
    "squareImage": "https://static.colruytgroup.com/images/500x500sq/std.lang.all/73/01/asset-3857301.jpg",
    "content": "3L",
    "price": {
      "basicPrice": 9.99,
      "recommendedQuantity": "1.0",
      "measurementUnitPrice": 3.33,
      "measurementUnit": "L",
      "isRedPrice": false,
      "pricePerUOM": 3.33,
      "activationDate": "08-02-2025",
      "isPromoActive": "N",
      "priceChangeCode": "E",
      "priceReason": "FALLBACK"
    },
    "isPriceAvailable": true,
    "channelAvailability": [
      "3_BE_STORE",
      "8_BE_STORE",
      "8_LU_STORE",
      "8_BE_COLLECT_NEXT_DAY",
      "8_BE_HOME_DELIVERY",
      "8_BE_HOME_DELIVERY_DRIVER"
    ],
    "businessDomain": "RETAIL_BE",
    "walkRouteSequenceNumber": 976,
    "isAvailable": true,
    "inPromo": false,
    "topCategoryName": "Boissons",
    "topCategoryId": "354",
    "categories": [
      {
        "name": "Boissons",
        "id": "354",
        "children": [
          {
            "name": "Ap\u00e9ritifs",
            "id": "399",
            "children": [
              {
                "name": "Autres ap\u00e9ritifs",
                "id": "408"
              }
            ]
          }
        ]
      }
    ],
    "IsPrivateLabel": false,
    "amount": {
      "source": "3.0",
      "parsedValue": 3
    },
    "IsBiffe": false,
    "WeightconversionFactor": "0",
    "IsWeightArticle": false,
    "IsBio": false,
    "CountryOfOrigin": "ESPAGNE",
    "IsExclusivelySoldInLuxembourg": false,
    "OrderUnit": "P",
    "ShortName": "MIFU SANGRIA ROUG.BIB3L",
    "AlcoholDisclaimermsg": true,
    "IsNew": false,
    "amountUnit": "kg",
    "CountryOfOriginISO": "ES",
    "EcoscoreLabel": "E",
    "ShowAlcoholLegalMsg": true,
    "LongName": "MIGUEL FUERTE Sangria rouge 6% BIB 3L",
    "RecentQuanityOfStockUnits": "1,4",
    "AlcoholVolume": "6",
    "FicCode": "E",
    "EcoscoreValue": "19"
  },
  {
    "technicalArticleNumber": "19285",
    "commercialArticleNumber": "19285",
    "gtin": [
      "08000420810892",
      "05413976003695",
      "28000420022350",
      "05413976003701",
      "08000420022356"
    ],
    "productId": "1395",
    "name": "Aperitivo Italiano 14,5%vol",
    "description": "*Vermouth\n*Ap\u00e9ritif\n*14,5 % vol",
    "brand": "GANCIA",
    "seoBrand": "Gancia",
    "thumbNail": "https://static.colruytgroup.com/images/200x200/std.lang.all/11/25/asset-611125.jpg",
    "fullImage": "https://static.colruytgroup.com/images/500x500/std.lang.all/11/25/asset-611125.jpg",
    "squareImage": "https://static.colruytgroup.com/images/500x500sq/std.lang.all/11/25/asset-611125.jpg",
    "content": "75cl",
    "price": {
      "basicPrice": 10.39,
      "recommendedQuantity": "1.0",
      "quantityPrice": 9.97,
      "quantityPriceQuantity": "6.0",
      "measurementUnitPrice": 13.86,
      "measurementUnitQuantityPrice": 13.3,
      "measurementUnit": "L",
      "isRedPrice": false,
      "pricePerUOM": 13.86,
      "activationDate": "04-06-2025",
      "recordSource": "Offline",
      "isPromoActive": "N",
      "priceChangeCode": "H",
      "quantityPricePerUOM": 13.3,
      "quantityActivationDate": "04-06-2025",
      "quantityPriceChangeCode": "H",
      "priceReason": "Reaction"
    },
    "isPriceAvailable": true,
    "channelAvailability": [
      "3_BE_STORE",
      "8_BE_STORE",
      "8_LU_STORE",
      "8_BE_COLLECT_NEXT_DAY",
      "8_BE_HOME_DELIVERY",
      "8_BE_HOME_DELIVERY_DRIVER"
    ],
    "businessDomain": "RETAIL_BE",
    "walkRouteSequenceNumber": 942,
    "isAvailable": true,
    "inPromo": false,
    "topCategoryName": "Boissons",
    "topCategoryId": "354",
    "categories": [
      {
        "name": "Boissons",
        "id": "354",
        "children": [
          {
            "name": "Ap\u00e9ritifs",
            "id": "399",
            "children": [
              {
                "name": "Bitters",
                "id": "406"
              }
            ]
          }
        ]
      }
    ],
    "IsPrivateLabel": false,
    "amount": 0.75,
    "IsBiffe": false,
    "WeightconversionFactor": "0",
    "IsWeightArticle": false,
    "IsBio": false,
    "CountryOfOrigin": "ITALIE",
    "IsExclusivelySoldInLuxembourg": false,
    "OrderUnit": "P",
    "ShortName": "GANCIA 75CL",
    "AlcoholDisclaimermsg": true,
    "IsNew": false,
    "amountUnit": "kg",
    "CountryOfOriginISO": "IT",
    "EcoscoreLabel": "D",
    "ShowAlcoholLegalMsg": true,
    "LongName": "GANCIA Aperitivo Italiano 14,5%vol 75cl",
    "RecentQuanityOfStockUnits": "1,6",
    "AlcoholVolume": "14.5",
    "FicCode": "E",
    "EcoscoreValue": "27"
  },
  {
    "technicalArticleNumber": "19026",
    "commercialArticleNumber": "19026",
    "gtin": [
      "05601085580057",
      "35601085055808"
    ],
    "productId": "1282",
    "name": "Tawny 10Y 20%",
    "description": "*Porto rouge\n*10 ans d'\u00e2ge\n*Ap\u00e9ritif\n*20,0 % vol",
    "brand": "PORTO AMURO",
    "seoBrand": "Porto Amuro",
    "thumbNail": "https://static.colruytgroup.com/images/200x200/std.lang.all/30/74/asset-393074.jpg",
    "fullImage": "https://static.colruytgroup.com/images/500x500/std.lang.all/30/74/asset-393074.jpg",
    "squareImage": "https://static.colruytgroup.com/images/500x500sq/std.lang.all/30/74/asset-393074.jpg",
    "content": "75cl",
    "price": {
      "basicPrice": 10.49,
      "recommendedQuantity": "1.0",
      "measurementUnitPrice": 13.99,
      "measurementUnit": "L",
      "isRedPrice": false,
      "pricePerUOM": 13.99,
      "activationDate": "18-12-2024",
      "recordSource": "Offline",
      "isPromoActive": "N",
      "priceChangeCode": "H",
      "priceReason": "Reaction"
    },
    "isPriceAvailable": true,
    "channelAvailability": [
      "3_BE_STORE",
      "8_BE_STORE",
      "8_LU_STORE",
      "8_BE_COLLECT_NEXT_DAY",
      "8_BE_HOME_DELIVERY",
      "8_BE_HOME_DELIVERY_DRIVER"
    ],
    "businessDomain": "RETAIL_BE",
    "walkRouteSequenceNumber": 712,
    "isAvailable": true,
    "inPromo": false,
    "topCategoryName": "Boissons",
    "topCategoryId": "354",
    "categories": [
      {
        "name": "Boissons",
        "id": "354",
        "children": [
          {
            "name": "Ap\u00e9ritifs",
            "id": "399",
            "children": [
              {
                "name": "Porto",
                "id": "400"
              }
            ]
          }
        ]
      }
    ],
    "IsPrivateLabel": true,
    "amount": 0.75,
    "IsBiffe": false,
    "WeightconversionFactor": "0",
    "IsWeightArticle": false,
    "IsBio": false,
    "CountryOfOrigin": "PORTUGAL",
    "IsExclusivelySoldInLuxembourg": false,
    "OrderUnit": "P",
    "ShortName": "PORTO AMURO 10YEARS 75C",
    "AlcoholDisclaimermsg": true,
    "IsNew": false,
    "amountUnit": "kg",
    "CountryOfOriginISO": "PT",
    "EcoscoreLabel": "C",
    "ShowAlcoholLegalMsg": true,
    "LongName": "PORTO AMURO Tawny 10Y 20% 75cl",
    "RecentQuanityOfStockUnits": "1",
    "AlcoholVolume": "20",
    "FicCode": "I",
    "EcoscoreValue": "40"
  },
  {
    "technicalArticleNumber": "4274496",
    "commercialArticleNumber": "23093",
    "gtin": [
      "05601083640104",
      "35601083640105"
    ],
    "productId": "604975",
    "name": "Tawny 19.5%",
    "description": "*19,5% vol",
    "brand": "SANDEMAN",
    "seoBrand": "Sandeman",
    "thumbNail": "https://static.colruytgroup.com/images/200x200/std.lang.all/33/11/asset-2093311.jpg",
    "fullImage": "https://static.colruytgroup.com/images/500x500/std.lang.all/33/11/asset-2093311.jpg",
    "squareImage": "https://static.colruytgroup.com/images/500x500sq/std.lang.all/33/11/asset-2093311.jpg",
    "content": "75cl",
    "price": {
      "basicPrice": 10.49,
      "recommendedQuantity": "1.0",
      "quantityPrice": 7.34,
      "quantityPriceQuantity": "2.0",
      "measurementUnitPrice": 13.99,
      "measurementUnitQuantityPrice": 9.79,
      "measurementUnit": "L",
      "isRedPrice": false,
      "pricePerUOM": 13.99,
      "activationDate": "28-05-2025",
      "recordSource": "Online",
      "isPromoActive": "N",
      "priceChangeCode": "E",
      "quantityPricePerUOM": 9.79,
      "quantityActivationDate": "28-05-2025",
      "quantityPriceChangeCode": "E",
      "reactPromoConcurrent": true,
      "priceReason": "Reaction"
    },
    "isPriceAvailable": true,
    "channelAvailability": [
      "8_BE_STORE",
      "8_LU_STORE",
      "8_BE_COLLECT_NEXT_DAY",
      "8_BE_HOME_DELIVERY",
      "8_BE_HOME_DELIVERY_DRIVER"
    ],
    "businessDomain": "RETAIL_BE",
    "walkRouteSequenceNumber": 717,
    "isAvailable": true,
    "inPromo": false,
    "topCategoryName": "Boissons",
    "topCategoryId": "354",
    "categories": [
      {
        "name": "Boissons",
        "id": "354",
        "children": [
          {
            "name": "Ap\u00e9ritifs",
            "id": "399",
            "children": [
              {
                "name": "Porto",
                "id": "400"
              }
            ]
          }
        ]
      }
    ],
    "IsPrivateLabel": false,
    "amount": 0.75,
    "IsBiffe": false,
    "WeightconversionFactor": "0",
    "IsWeightArticle": false,
    "IsBio": false,
    "CountryOfOrigin": "PORTUGAL",
    "IsExclusivelySoldInLuxembourg": false,
    "OrderUnit": "P",
    "ShortName": "SAND TAWNY 19.5% 75CL",
    "AlcoholDisclaimermsg": true,
    "IsNew": false,
    "amountUnit": "kg",
    "CountryOfOriginISO": "PT",
    "EcoscoreLabel": "D",
    "ShowAlcoholLegalMsg": true,
    "LongName": "SANDEMAN Tawny 19.5% 75cl",
    "RecentQuanityOfStockUnits": "1,6",
    "AlcoholVolume": "19.5",
    "FicCode": "E",
    "EcoscoreValue": "27"
  },
  {
    "technicalArticleNumber": "4899752",
    "commercialArticleNumber": "17708",
    "gtin": [
      "15430002011384",
      "05430002011387"
    ],
    "productId": "1273708",
    "name": "Bonheur Spritz 0,0% Bio",
    "brand": "JUST.",
    "seoBrand": "Just.",
    "thumbNail": "https://static.colruytgroup.com/images/200x200/std.lang.all/03/98/asset-3850398.jpg",
    "fullImage": "https://static.colruytgroup.com/images/500x500/std.lang.all/03/98/asset-3850398.jpg",
    "squareImage": "https://static.colruytgroup.com/images/500x500sq/std.lang.all/03/98/asset-3850398.jpg",
    "content": "75cl",
    "price": {
      "basicPrice": 10.95,
      "recommendedQuantity": "1.0",
      "measurementUnitPrice": 14.6,
      "measurementUnit": "L",
      "isRedPrice": true,
      "redPriceReason": "Promo",
      "referencePrice": 11.95,
      "retentionPeriod": 30,
      "pricePerUOM": 14.6,
      "activationDate": "04-06-2025",
      "isPromoActive": "Y",
      "priceChangeCode": "L",
      "priceReason": "Promo"
    },
    "isPriceAvailable": true,
    "channelAvailability": [
      "1_BE_STORE",
      "8_BE_STORE",
      "8_LU_STORE",
      "1_BE_COLLECT_NEXT_DAY",
      "8_BE_COLLECT_NEXT_DAY",
      "8_BE_HOME_DELIVERY",
      "8_BE_HOME_DELIVERY_DRIVER"
    ],
    "businessDomain": "RETAIL_BE",
    "walkRouteSequenceNumber": 1553,
    "isAvailable": true,
    "inPromo": false,
    "topCategoryName": "Boissons",
    "topCategoryId": "354",
    "categories": [
      {
        "name": "Boissons",
        "id": "354",
        "children": [
          {
            "name": "Ap\u00e9ritifs",
            "id": "399",
            "children": [
              {
                "name": "Ap\u00e9ritifs sans alcool",
                "id": "411"
              }
            ]
          }
        ]
      }
    ],
    "IsPrivateLabel": false,
    "amount": 0.75,
    "IsBiffe": false,
    "WeightconversionFactor": "0",
    "IsWeightArticle": false,
    "nutriscoreLabel": "C",
    "IsBio": true,
    "CountryOfOrigin": "BELGIQUE",
    "IsExclusivelySoldInLuxembourg": false,
    "OrderUnit": "P",
    "ShortName": "JUST BONH.SPRITZ BIO75C",
    "AlcoholDisclaimermsg": false,
    "IsNew": true,
    "amountUnit": "kg",
    "CountryOfOriginISO": "BE",
    "ShowAlcoholLegalMsg": false,
    "LongName": "JUST. Bonheur Spritz 0,0% Bio 75cl",
    "RecentQuanityOfStockUnits": "1",
    "AlcoholVolume": "0",
    "FicCode": "E"
  },
  {
    "technicalArticleNumber": "3419069",
    "commercialArticleNumber": "40595",
    "gtin": [
      "05608309003040",
      "05010867801103",
      "05608309003033",
      "05608309010253"
    ],
    "productId": "166424",
    "name": "LBV Port 20%",
    "description": "*Porto rouge\n*Late Bottled\nVintage\n*Ap\u00e9ritif\n*20,0% vol",
    "brand": "COCKBURN'S",
    "seoBrand": "Cockburn's",
    "thumbNail": "https://static.colruytgroup.com/images/200x200/std.lang.all/90/43/asset-3769043.jpg",
    "fullImage": "https://static.colruytgroup.com/images/500x500/std.lang.all/90/43/asset-3769043.jpg",
    "squareImage": "https://static.colruytgroup.com/images/500x500sq/std.lang.all/90/43/asset-3769043.jpg",
    "content": "75cl",
    "price": {
      "basicPrice": 10.99,
      "recommendedQuantity": "1.0",
      "measurementUnitPrice": 14.66,
      "measurementUnit": "L",
      "isRedPrice": false,
      "pricePerUOM": 14.66,
      "activationDate": "05-04-2025",
      "isPromoActive": "N",
      "priceChangeCode": "H",
      "priceReason": "FALLBACK"
    },
    "isPriceAvailable": true,
    "channelAvailability": [
      "8_BE_STORE",
      "8_LU_STORE",
      "8_BE_COLLECT_NEXT_DAY",
      "8_BE_HOME_DELIVERY_DRIVER"
    ],
    "businessDomain": "RETAIL_BE",
    "walkRouteSequenceNumber": 711,
    "isAvailable": true,
    "inPromo": true,
    "promotion": [
      {
        "techPromoId": "101273COLR",
        "promotionId": "101273",
        "promotionType": "3",
        "isPersonalized": "N",
        "publicationStartDate": "04-06-2025",
        "publicationEndDate": "17-06-2025",
        "topPromo": false
      }
    ],
    "topCategoryName": "Boissons",
    "topCategoryId": "354",
    "categories": [
      {
        "name": "Boissons",
        "id": "354",
        "children": [
          {
            "name": "Ap\u00e9ritifs",
            "id": "399",
            "children": [
              {
                "name": "Porto",
                "id": "400"
              }
            ]
          }
        ]
      }
    ],
    "IsPrivateLabel": false,
    "amount": 0.75,
    "IsBiffe": false,
    "IsWeightArticle": false,
    "WeightconversionFactor": "0",
    "IsBio": false,
    "CountryOfOrigin": "PORTUGAL",
    "IsExclusivelySoldInLuxembourg": false,
    "OrderUnit": "P",
    "AlcoholDisclaimermsg": true,
    "InSeason": true,
    "ShortName": "COCK LATE BOT VINT 75CL",
    "IsNew": false,
    "amountUnit": "kg",
    "CountryOfOriginISO": "PT",
    "EcoscoreLabel": "C",
    "ShowAlcoholLegalMsg": true,
    "LongName": "COCKBURN'S LBV Port 20% 75cl",
    "RecentQuanityOfStockUnits": "1",
    "AlcoholVolume": "20",
    "StartSeasonDate": "20/06/2016",
    "FicCode": "E",
    "EcoscoreValue": "54"
  },
  {
    "technicalArticleNumber": "4272329",
    "commercialArticleNumber": "22983",
    "gtin": [
      "07630040403689",
      "07630040403672"
    ],
    "productId": "603795",
    "name": "Floreale <0,5%",
    "description": "*Ap\u00e9ritif\n*Sans alcool",
    "brand": "MARTINI",
    "seoBrand": "Martini",
    "thumbNail": "https://static.colruytgroup.com/images/200x200/std.lang.all/13/77/asset-2091377.jpg",
    "fullImage": "https://static.colruytgroup.com/images/500x500/std.lang.all/13/77/asset-2091377.jpg",
    "squareImage": "https://static.colruytgroup.com/images/500x500sq/std.lang.all/13/77/asset-2091377.jpg",
    "content": "75cl",
    "price": {
      "basicPrice": 11.5,
      "recommendedQuantity": "1.0",
      "measurementUnitPrice": 15.34,
      "measurementUnit": "L",
      "isRedPrice": false,
      "pricePerUOM": 15.34,
      "activationDate": "05-06-2025",
      "recordSource": "Online",
      "isPromoActive": "N",
      "priceChangeCode": "E",
      "priceReason": "Reaction"
    },
    "isPriceAvailable": true,
    "channelAvailability": [
      "8_BE_STORE",
      "8_LU_STORE",
      "8_BE_COLLECT_NEXT_DAY",
      "8_BE_HOME_DELIVERY",
      "8_BE_HOME_DELIVERY_DRIVER"
    ],
    "businessDomain": "RETAIL_BE",
    "walkRouteSequenceNumber": 604,
    "isAvailable": true,
    "inPromo": false,
    "topCategoryName": "Boissons",
    "topCategoryId": "354",
    "categories": [
      {
        "name": "Boissons",
        "id": "354",
        "children": [
          {
            "name": "Ap\u00e9ritifs",
            "id": "399",
            "children": [
              {
                "name": "Ap\u00e9ritifs sans alcool",
                "id": "411"
              }
            ]
          }
        ]
      }
    ],
    "IsPrivateLabel": false,
    "amount": 0.75,
    "IsBiffe": false,
    "WeightconversionFactor": "0",
    "IsWeightArticle": false,
    "nutriscoreLabel": "E",
    "IsBio": false,
    "CountryOfOrigin": "ITALIE",
    "IsExclusivelySoldInLuxembourg": false,
    "OrderUnit": "P",
    "ShortName": "MART FLOREALE 0.5% 75CL",
    "AlcoholDisclaimermsg": false,
    "IsNew": false,
    "amountUnit": "kg",
    "CountryOfOriginISO": "IT",
    "ShowAlcoholLegalMsg": true,
    "LongName": "MARTINI Floreale <0,5% 75cl",
    "RecentQuanityOfStockUnits": "1,6",
    "AlcoholVolume": "0.5",
    "FicCode": "E"
  },
  {
    "technicalArticleNumber": "4887115",
    "commercialArticleNumber": "39288",
    "gtin": [
      "07630040408363",
      "07630040408639"
    ],
    "productId": "1264032",
    "name": "Bianco",
    "description": "*Vermouth\n*Ap\u00e9ritif\n*14,5 % vol",
    "brand": "MARTINI",
    "seoBrand": "Martini",
    "thumbNail": "https://static.colruytgroup.com/images/200x200/std.lang.all/72/65/asset-3837265.jpg",
    "fullImage": "https://static.colruytgroup.com/images/500x500/std.lang.all/72/65/asset-3837265.jpg",
    "squareImage": "https://static.colruytgroup.com/images/500x500sq/std.lang.all/72/65/asset-3837265.jpg",
    "content": "1L",
    "price": {
      "basicPrice": 11.98,
      "recommendedQuantity": "1.0",
      "quantityPrice": 9.58,
      "quantityPriceQuantity": "2.0",
      "measurementUnitPrice": 11.98,
      "measurementUnitQuantityPrice": 9.58,
      "measurementUnit": "L",
      "isRedPrice": false,
      "pricePerUOM": 11.98,
      "activationDate": "05-06-2025",
      "recordSource": "Offline",
      "isPromoActive": "N",
      "priceChangeCode": "E",
      "quantityPricePerUOM": 9.58,
      "quantityActivationDate": "05-06-2025",
      "quantityPriceChangeCode": "H",
      "priceReason": "Reaction"
    },
    "isPriceAvailable": true,
    "channelAvailability": [
      "3_BE_STORE",
      "8_BE_STORE",
      "8_LU_STORE",
      "8_BE_COLLECT_NEXT_DAY",
      "8_BE_HOME_DELIVERY",
      "8_BE_HOME_DELIVERY_DRIVER"
    ],
    "businessDomain": "RETAIL_BE",
    "walkRouteSequenceNumber": 935,
    "isAvailable": true,
    "inPromo": false,
    "topCategoryName": "Boissons",
    "topCategoryId": "354",
    "categories": [
      {
        "name": "Boissons",
        "id": "354",
        "children": [
          {
            "name": "Ap\u00e9ritifs",
            "id": "399",
            "children": [
              {
                "name": "Vermouth",
                "id": "405"
              }
            ]
          }
        ]
      }
    ],
    "IsPrivateLabel": false,
    "amount": {
      "source": "1.0",
      "parsedValue": 1
    },
    "IsBiffe": false,
    "IsWeightArticle": false,
    "WeightconversionFactor": "0",
    "IsBio": false,
    "CountryOfOrigin": "ITALIE",
    "IsExclusivelySoldInLuxembourg": false,
    "OrderUnit": "P",
    "AlcoholDisclaimermsg": true,
    "ShortName": "MART BIANCO 14.5% 1L",
    "IsNew": false,
    "amountUnit": "kg",
    "CountryOfOriginISO": "IT",
    "servings": 16.7,
    "EcoscoreLabel": "C",
    "ShowAlcoholLegalMsg": true,
    "LongName": "MARTINI Bianco 1L",
    "RecentQuanityOfStockUnits": "6,1",
    "AlcoholVolume": "14.5",
    "FicCode": "E",
    "EcoscoreValue": "40"
  },
  {
    "technicalArticleNumber": "4891343",
    "commercialArticleNumber": "4216",
    "gtin": [
      "07630040408400",
      "07630040408592"
    ],
    "productId": "1267307",
    "name": "Fiero",
    "description": "*Vermouth\n*Ap\u00e9ritif\n*14,5% vol",
    "brand": "MARTINI",
    "seoBrand": "Martini",
    "thumbNail": "https://static.colruytgroup.com/images/200x200/std.lang.all/27/43/asset-3822743.jpg",
    "fullImage": "https://static.colruytgroup.com/images/500x500/std.lang.all/27/43/asset-3822743.jpg",
    "squareImage": "https://static.colruytgroup.com/images/500x500sq/std.lang.all/27/43/asset-3822743.jpg",
    "content": "1L",
    "price": {
      "basicPrice": 11.98,
      "recommendedQuantity": "1.0",
      "quantityPrice": 9.58,
      "quantityPriceQuantity": "2.0",
      "measurementUnitPrice": 11.98,
      "measurementUnitQuantityPrice": 9.58,
      "measurementUnit": "L",
      "isRedPrice": false,
      "pricePerUOM": 11.98,
      "activationDate": "05-06-2025",
      "recordSource": "Offline",
      "isPromoActive": "N",
      "priceChangeCode": "E",
      "quantityPricePerUOM": 9.58,
      "quantityActivationDate": "05-06-2025",
      "quantityPriceChangeCode": "H",
      "reactPromoConcurrent": true,
      "priceReason": "Reaction"
    },
    "isPriceAvailable": true,
    "channelAvailability": [
      "8_BE_STORE",
      "8_LU_STORE",
      "8_BE_COLLECT_NEXT_DAY",
      "8_BE_HOME_DELIVERY",
      "8_BE_HOME_DELIVERY_DRIVER"
    ],
    "businessDomain": "RETAIL_BE",
    "walkRouteSequenceNumber": 932,
    "isAvailable": true,
    "inPromo": false,
    "topCategoryName": "Boissons",
    "topCategoryId": "354",
    "categories": [
      {
        "name": "Boissons",
        "id": "354",
        "children": [
          {
            "name": "Ap\u00e9ritifs",
            "id": "399",
            "children": [
              {
                "name": "Vermouth",
                "id": "405"
              }
            ]
          }
        ]
      }
    ],
    "IsPrivateLabel": false,
    "amount": {
      "source": "1.0",
      "parsedValue": 1
    },
    "IsBiffe": false,
    "IsWeightArticle": false,
    "WeightconversionFactor": "0",
    "IsBio": false,
    "CountryOfOrigin": "ITALIE",
    "IsExclusivelySoldInLuxembourg": false,
    "OrderUnit": "P",
    "AlcoholDisclaimermsg": true,
    "ShortName": "MART FIERO 14.5% 1L",
    "IsNew": false,
    "amountUnit": "kg",
    "CountryOfOriginISO": "IT",
    "servings": 16.7,
    "EcoscoreLabel": "C",
    "ShowAlcoholLegalMsg": true,
    "LongName": "MARTINI Fiero 1L",
    "RecentQuanityOfStockUnits": "6,1",
    "AlcoholVolume": "14.5",
    "FicCode": "E",
    "EcoscoreValue": "40"
  },
  {
    "technicalArticleNumber": "4891346",
    "commercialArticleNumber": "4273",
    "gtin": [
      "07630040408493",
      "07630040408318"
    ],
    "productId": "1267310",
    "name": "Rosso",
    "description": "*Vermouth\n*Ap\u00e9ritif\n*14,5 % vol",
    "brand": "MARTINI",
    "seoBrand": "Martini",
    "thumbNail": "https://static.colruytgroup.com/images/200x200/std.lang.all/26/54/asset-3822654.jpg",
    "fullImage": "https://static.colruytgroup.com/images/500x500/std.lang.all/26/54/asset-3822654.jpg",
    "squareImage": "https://static.colruytgroup.com/images/500x500sq/std.lang.all/26/54/asset-3822654.jpg",
    "content": "1L",
    "price": {
      "basicPrice": 11.98,
      "recommendedQuantity": "1.0",
      "quantityPrice": 9.58,
      "quantityPriceQuantity": "2.0",
      "measurementUnitPrice": 11.98,
      "measurementUnitQuantityPrice": 9.58,
      "measurementUnit": "L",
      "isRedPrice": false,
      "pricePerUOM": 11.98,
      "activationDate": "05-06-2025",
      "recordSource": "Offline",
      "isPromoActive": "N",
      "priceChangeCode": "E",
      "quantityPricePerUOM": 9.58,
      "quantityActivationDate": "05-06-2025",
      "quantityPriceChangeCode": "H",
      "priceReason": "Reaction"
    },
    "isPriceAvailable": true,
    "channelAvailability": [
      "3_BE_STORE",
      "8_BE_STORE",
      "8_LU_STORE",
      "8_BE_COLLECT_NEXT_DAY",
      "8_BE_HOME_DELIVERY",
      "8_BE_HOME_DELIVERY_DRIVER"
    ],
    "businessDomain": "RETAIL_BE",
    "walkRouteSequenceNumber": 933,
    "isAvailable": true,
    "inPromo": false,
    "topCategoryName": "Boissons",
    "topCategoryId": "354",
    "categories": [
      {
        "name": "Boissons",
        "id": "354",
        "children": [
          {
            "name": "Ap\u00e9ritifs",
            "id": "399",
            "children": [
              {
                "name": "Vermouth",
                "id": "405"
              }
            ]
          }
        ]
      }
    ],
    "IsPrivateLabel": false,
    "amount": {
      "source": "1.0",
      "parsedValue": 1
    },
    "IsBiffe": false,
    "IsWeightArticle": false,
    "WeightconversionFactor": "0",
    "IsBio": false,
    "CountryOfOrigin": "ITALIE",
    "IsExclusivelySoldInLuxembourg": false,
    "OrderUnit": "P",
    "AlcoholDisclaimermsg": true,
    "ShortName": "MART ROSSO 14.5% 1L",
    "IsNew": false,
    "amountUnit": "kg",
    "CountryOfOriginISO": "IT",
    "servings": 16.7,
    "EcoscoreLabel": "C",
    "ShowAlcoholLegalMsg": true,
    "LongName": "MARTINI Rosso 1L",
    "RecentQuanityOfStockUnits": "1,6",
    "AlcoholVolume": "14.5",
    "FicCode": "E",
    "EcoscoreValue": "40"
  },
  {
    "technicalArticleNumber": "4809900",
    "commercialArticleNumber": "24808",
    "gtin": [
      "03477950000072",
      "13477950000079"
    ],
    "productId": "1089410",
    "name": "Pineau Charent.blanc",
    "description": "*Vin de liqueur\n*Ap\u00e9ritif\n*17,0 % vol",
    "brand": "CAMILLE DUPUIS",
    "seoBrand": "Camille Dupuis",
    "thumbNail": "https://static.colruytgroup.com/images/200x200/std.lang.all/72/47/asset-3497247.jpg",
    "fullImage": "https://static.colruytgroup.com/images/500x500/std.lang.all/72/47/asset-3497247.jpg",
    "squareImage": "https://static.colruytgroup.com/images/500x500sq/std.lang.all/72/47/asset-3497247.jpg",
    "content": "75cl",
    "price": {
      "basicPrice": 11.99,
      "recommendedQuantity": "1.0",
      "measurementUnitPrice": 15.99,
      "measurementUnit": "L",
      "isRedPrice": false,
      "pricePerUOM": 15.99,
      "activationDate": "15-01-2025",
      "isPromoActive": "N",
      "priceChangeCode": "H",
      "priceReason": "FALLBACK"
    },
    "isPriceAvailable": true,
    "channelAvailability": [
      "8_BE_STORE",
      "8_LU_STORE",
      "8_BE_COLLECT_NEXT_DAY",
      "8_BE_HOME_DELIVERY_DRIVER"
    ],
    "businessDomain": "RETAIL_BE",
    "walkRouteSequenceNumber": 678,
    "isAvailable": true,
    "inPromo": false,
    "topCategoryName": "Boissons",
    "topCategoryId": "354",
    "categories": [
      {
        "name": "Boissons",
        "id": "354",
        "children": [
          {
            "name": "Ap\u00e9ritifs",
            "id": "399",
            "children": [
              {
                "name": "Ap\u00e9ritifs/Vins de liqueur",
                "id": "403"
              }
            ]
          }
        ]
      }
    ],
    "IsPrivateLabel": false,
    "amount": 0.75,
    "IsBiffe": false,
    "WeightconversionFactor": "0",
    "IsWeightArticle": false,
    "IsBio": false,
    "CountryOfOrigin": "FRANCE",
    "IsExclusivelySoldInLuxembourg": false,
    "OrderUnit": "P",
    "ShortName": "CADU PIN.CHARENT BLC75C",
    "AlcoholDisclaimermsg": true,
    "IsNew": false,
    "amountUnit": "kg",
    "CountryOfOriginISO": "FR",
    "EcoscoreLabel": "D",
    "ShowAlcoholLegalMsg": true,
    "LongName": "CAMILLE DUPUIS Pineau Charent.blanc 75cl",
    "RecentQuanityOfStockUnits": "1",
    "AlcoholVolume": "17",
    "FicCode": "E",
    "EcoscoreValue": "27"
  },
  {
    "technicalArticleNumber": "4817836",
    "commercialArticleNumber": "12961",
    "gtin": [
      "05415270101381",
      "05415270203023"
    ],
    "productId": "1122685",
    "name": "Sober ros\u00e9 0,0% BIB",
    "description": "Espagne.\nSyrah. Pamplemousse\nfrais, framboises juteuses.\nId\u00e9al avec : des salades estivales,\ndes fruits de mer. \u00c0 maturit\u00e9.",
    "brand": "VINTENSE",
    "seoBrand": "Vintense",
    "thumbNail": "https://static.colruytgroup.com/images/200x200/std.lang.all/82/13/asset-3508213.jpg",
    "fullImage": "https://static.colruytgroup.com/images/500x500/std.lang.all/82/13/asset-3508213.jpg",
    "squareImage": "https://static.colruytgroup.com/images/500x500sq/std.lang.all/82/13/asset-3508213.jpg",
    "content": "2L",
    "price": {
      "basicPrice": 11.99,
      "recommendedQuantity": "1.0",
      "measurementUnitPrice": {
        "source": "6.0",
        "parsedValue": 6
      },
      "measurementUnit": "L",
      "isRedPrice": false,
      "pricePerUOM": {
        "source": "6.0",
        "parsedValue": 6
      },
      "activationDate": "30-05-2025",
      "recordSource": "Offline",
      "isPromoActive": "N",
      "priceChangeCode": "E",
      "priceReason": "Reaction"
    },
    "isPriceAvailable": true,
    "channelAvailability": [
      "8_BE_STORE",
      "8_LU_STORE",
      "8_BE_COLLECT_NEXT_DAY",
      "8_BE_HOME_DELIVERY",
      "8_BE_HOME_DELIVERY_DRIVER"
    ],
    "businessDomain": "RETAIL_BE",
    "walkRouteSequenceNumber": 1554,
    "isAvailable": true,
    "inPromo": false,
    "topCategoryName": "Boissons",
    "topCategoryId": "354",
    "categories": [
      {
        "name": "Boissons",
        "id": "354",
        "children": [
          {
            "name": "Ap\u00e9ritifs",
            "id": "399",
            "children": [
              {
                "name": "Ap\u00e9ritifs sans alcool",
                "id": "411"
              }
            ]
          }
        ]
      }
    ],
    "IsPrivateLabel": false,
    "amount": {
      "source": "2.0",
      "parsedValue": 2
    },
    "IsBiffe": false,
    "IsWeightArticle": false,
    "WeightconversionFactor": "0",
    "nutriscoreLabel": "C",
    "IsBio": false,
    "CountryOfOrigin": "BELGIQUE",
    "IsExclusivelySoldInLuxembourg": false,
    "OrderUnit": "P",
    "AlcoholDisclaimermsg": false,
    "InSeason": true,
    "ShortName": "VINT ROSE 0% BIB 2L",
    "IsNew": false,
    "amountUnit": "kg",
    "CountryOfOriginISO": "BE",
    "EcoscoreLabel": "D",
    "ShowAlcoholLegalMsg": false,
    "LongName": "VINTENSE Sober ros\u00e9 0,0% BIB 2L",
    "RecentQuanityOfStockUnits": "1",
    "AlcoholVolume": "0",
    "StartSeasonDate": "16/05/2025",
    "FicCode": "E",
    "EcoscoreValue": "25"
  },
  {
    "technicalArticleNumber": "19037",
    "commercialArticleNumber": "19037",
    "gtin": [
      "05400141190373",
      "35601085590019"
    ],
    "productId": "1285",
    "name": "Tawny Connaisseurs 19%",
    "description": "*Porto rouge\n*Ap\u00e9ritif\n*19,0 % vol",
    "brand": "PORTO AMURO",
    "seoBrand": "Porto Amuro",
    "thumbNail": "https://static.colruytgroup.com/images/200x200/std.lang.all/30/75/asset-393075.jpg",
    "fullImage": "https://static.colruytgroup.com/images/500x500/std.lang.all/30/75/asset-393075.jpg",
    "squareImage": "https://static.colruytgroup.com/images/500x500sq/std.lang.all/30/75/asset-393075.jpg",
    "content": "1,5L",
    "price": {
      "basicPrice": 12.49,
      "recommendedQuantity": "1.0",
      "measurementUnitPrice": 8.33,
      "measurementUnit": "L",
      "isRedPrice": false,
      "pricePerUOM": 8.33,
      "activationDate": "12-02-2025",
      "recordSource": "Offline",
      "isPromoActive": "N",
      "priceChangeCode": "E",
      "priceReason": "Reaction"
    },
    "isPriceAvailable": true,
    "channelAvailability": [
      "8_BE_STORE",
      "8_LU_STORE",
      "8_BE_COLLECT_NEXT_DAY",
      "8_BE_HOME_DELIVERY",
      "8_BE_HOME_DELIVERY_DRIVER"
    ],
    "businessDomain": "RETAIL_BE",
    "walkRouteSequenceNumber": 713,
    "isAvailable": true,
    "inPromo": false,
    "topCategoryName": "Boissons",
    "topCategoryId": "354",
    "categories": [
      {
        "name": "Boissons",
        "id": "354",
        "children": [
          {
            "name": "Ap\u00e9ritifs",
            "id": "399",
            "children": [
              {
                "name": "Porto",
                "id": "400"
              }
            ]
          }
        ]
      }
    ],
    "IsPrivateLabel": true,
    "amount": 1.5,
    "IsBiffe": false,
    "WeightconversionFactor": "0",
    "IsWeightArticle": false,
    "IsBio": false,
    "CountryOfOrigin": "PORTUGAL",
    "IsExclusivelySoldInLuxembourg": false,
    "OrderUnit": "P",
    "ShortName": "AMURO PORT CONNAISS 1L5",
    "AlcoholDisclaimermsg": true,
    "IsNew": false,
    "amountUnit": "kg",
    "CountryOfOriginISO": "PT",
    "EcoscoreLabel": "D",
    "ShowAlcoholLegalMsg": true,
    "LongName": "PORTO AMURO Tawny Connaisseurs 19% 1,5L",
    "RecentQuanityOfStockUnits": "1",
    "AlcoholVolume": "19",
    "FicCode": "I",
    "EcoscoreValue": "39"
  },
  {
    "technicalArticleNumber": "19168",
    "commercialArticleNumber": "19168",
    "gtin": [
      "08711300776565",
      "08711300776244"
    ],
    "productId": "1513",
    "name": "liqueur Exotic Fr.20,0%vol",
    "description": "*Ready to serve\n*Base pour cocktail\n*20,0 % vol",
    "brand": "SAFARI",
    "seoBrand": "Safari",
    "thumbNail": "https://static.colruytgroup.com/images/200x200/std.lang.all/99/96/asset-389996.jpg",
    "fullImage": "https://static.colruytgroup.com/images/500x500/std.lang.all/99/96/asset-389996.jpg",
    "squareImage": "https://static.colruytgroup.com/images/500x500sq/std.lang.all/99/96/asset-389996.jpg",
    "content": "70cl",
    "price": {
      "basicPrice": 13.5,
      "recommendedQuantity": "1.0",
      "measurementUnitPrice": 19.29,
      "measurementUnit": "L",
      "isRedPrice": false,
      "pricePerUOM": 19.29,
      "activationDate": "07-05-2025",
      "recordSource": "Online",
      "isPromoActive": "N",
      "priceChangeCode": "E",
      "priceReason": "Reaction"
    },
    "isPriceAvailable": true,
    "channelAvailability": [
      "8_BE_STORE",
      "8_LU_STORE",
      "8_BE_COLLECT_NEXT_DAY",
      "8_BE_HOME_DELIVERY",
      "8_BE_HOME_DELIVERY_DRIVER"
    ],
    "businessDomain": "RETAIL_BE",
    "walkRouteSequenceNumber": 958,
    "isAvailable": true,
    "inPromo": false,
    "topCategoryName": "Boissons",
    "topCategoryId": "354",
    "categories": [
      {
        "name": "Boissons",
        "id": "354",
        "children": [
          {
            "name": "Ap\u00e9ritifs",
            "id": "399",
            "children": [
              {
                "name": "Autres ap\u00e9ritifs",
                "id": "408"
              }
            ]
          }
        ]
      }
    ],
    "IsPrivateLabel": false,
    "amount": 0.7,
    "IsBiffe": false,
    "WeightconversionFactor": "0",
    "IsWeightArticle": false,
    "IsBio": false,
    "CountryOfOrigin": "ESPAGNE",
    "IsExclusivelySoldInLuxembourg": false,
    "OrderUnit": "P",
    "ShortName": "SAFARI 20DG 70CL",
    "AlcoholDisclaimermsg": true,
    "IsNew": false,
    "amountUnit": "kg",
    "CountryOfOriginISO": "ES",
    "EcoscoreLabel": "D",
    "ShowAlcoholLegalMsg": true,
    "LongName": "SAFARI liqueur Exotic Fr.20,0%vol 70cl",
    "RecentQuanityOfStockUnits": "1,6",
    "AlcoholVolume": "20",
    "FicCode": "E",
    "EcoscoreValue": "31"
  },
  {
    "technicalArticleNumber": "4663260",
    "commercialArticleNumber": "29951",
    "gtin": [
      "03023010003592",
      "07640175720094"
    ],
    "productId": "826136",
    "name": "Vermouth Origin.Dry 18%",
    "description": "*Vermouth\n*Ap\u00e9ritif\n*18% vol",
    "brand": "NOILLY PRAT",
    "seoBrand": "Noilly Prat",
    "thumbNail": "https://static.colruytgroup.com/images/200x200/std.lang.all/56/98/asset-2935698.jpg",
    "fullImage": "https://static.colruytgroup.com/images/500x500/std.lang.all/56/98/asset-2935698.jpg",
    "squareImage": "https://static.colruytgroup.com/images/500x500sq/std.lang.all/56/98/asset-2935698.jpg",
    "content": "75cl",
    "price": {
      "basicPrice": 13.59,
      "recommendedQuantity": "1.0",
      "measurementUnitPrice": 18.12,
      "measurementUnit": "L",
      "isRedPrice": false,
      "pricePerUOM": 18.12,
      "activationDate": "03-06-2025",
      "recordSource": "Offline",
      "isPromoActive": "N",
      "priceChangeCode": "E",
      "priceReason": "Reaction"
    },
    "isPriceAvailable": true,
    "channelAvailability": [
      "8_BE_STORE",
      "8_LU_STORE",
      "8_BE_COLLECT_NEXT_DAY",
      "8_BE_HOME_DELIVERY_DRIVER"
    ],
    "businessDomain": "RETAIL_BE",
    "walkRouteSequenceNumber": 944,
    "isAvailable": true,
    "inPromo": false,
    "topCategoryName": "Boissons",
    "topCategoryId": "354",
    "categories": [
      {
        "name": "Boissons",
        "id": "354",
        "children": [
          {
            "name": "Ap\u00e9ritifs",
            "id": "399",
            "children": [
              {
                "name": "Vermouth",
                "id": "405"
              }
            ]
          }
        ]
      }
    ],
    "IsPrivateLabel": false,
    "amount": 0.75,
    "IsBiffe": false,
    "WeightconversionFactor": "0",
    "IsWeightArticle": false,
    "IsBio": false,
    "CountryOfOrigin": "FRANCE",
    "IsExclusivelySoldInLuxembourg": false,
    "OrderUnit": "P",
    "ShortName": "NOIL VERMOUTH OR.DRY75C",
    "AlcoholDisclaimermsg": true,
    "IsNew": false,
    "amountUnit": "kg",
    "CountryOfOriginISO": "FR",
    "EcoscoreLabel": "D",
    "ShowAlcoholLegalMsg": true,
    "LongName": "NOILLY PRAT Vermouth Origin.Dry 18% 75cl",
    "RecentQuanityOfStockUnits": "1,6",
    "AlcoholVolume": "18",
    "FicCode": "E",
    "EcoscoreValue": "27"
  },
  {
    "technicalArticleNumber": "19009",
    "commercialArticleNumber": "19009",
    "gtin": [
      "05400141103519"
    ],
    "productId": "1276",
    "name": "Puerto Galero rouge 19%",
    "description": "*Vin de liqueur\n*Ap\u00e9ritif\n*19,0 % vol",
    "brand": "MARIE GALANTE",
    "seoBrand": "Marie Galante",
    "thumbNail": "https://static.colruytgroup.com/images/200x200/std.lang.all/31/30/asset-1463130.jpg",
    "fullImage": "https://static.colruytgroup.com/images/500x500/std.lang.all/31/30/asset-1463130.jpg",
    "squareImage": "https://static.colruytgroup.com/images/500x500sq/std.lang.all/31/30/asset-1463130.jpg",
    "content": "3L",
    "price": {
      "basicPrice": 13.9,
      "recommendedQuantity": "1.0",
      "measurementUnitPrice": 4.64,
      "measurementUnit": "L",
      "isRedPrice": false,
      "pricePerUOM": 4.64,
      "activationDate": "17-08-2024",
      "isPromoActive": "N",
      "priceChangeCode": "E",
      "priceReason": "FALLBACK"
    },
    "isPriceAvailable": true,
    "channelAvailability": [
      "3_BE_STORE",
      "8_BE_STORE",
      "8_LU_STORE",
      "8_BE_COLLECT_NEXT_DAY",
      "8_BE_HOME_DELIVERY",
      "8_BE_HOME_DELIVERY_DRIVER"
    ],
    "businessDomain": "RETAIL_BE",
    "walkRouteSequenceNumber": 718,
    "isAvailable": true,
    "inPromo": false,
    "topCategoryName": "Boissons",
    "topCategoryId": "354",
    "categories": [
      {
        "name": "Boissons",
        "id": "354",
        "children": [
          {
            "name": "Ap\u00e9ritifs",
            "id": "399",
            "children": [
              {
                "name": "Ap\u00e9ritifs/Vins de liqueur",
                "id": "403"
              }
            ]
          }
        ]
      }
    ],
    "IsPrivateLabel": true,
    "amount": {
      "source": "3.0",
      "parsedValue": 3
    },
    "IsBiffe": false,
    "WeightconversionFactor": "0",
    "IsWeightArticle": false,
    "IsBio": false,
    "CountryOfOrigin": "BELGIQUE",
    "IsExclusivelySoldInLuxembourg": false,
    "OrderUnit": "P",
    "ShortName": "MAGA PUERTO GALER BIB3L",
    "AlcoholDisclaimermsg": true,
    "IsNew": false,
    "amountUnit": "kg",
    "CountryOfOriginISO": "BE",
    "EcoscoreLabel": "C",
    "ShowAlcoholLegalMsg": true,
    "LongName": "MARIE GALANTE Puerto Galero rouge 19% 3L",
    "RecentQuanityOfStockUnits": "1",
    "AlcoholVolume": "19",
    "FicCode": "I",
    "EcoscoreValue": "40"
  },
  {
    "technicalArticleNumber": "19134",
    "commercialArticleNumber": "19134",
    "gtin": [
      "08410024700015",
      "08410024701029"
    ],
    "productId": "1302",
    "name": "rhum Coconut 21,0%vol",
    "description": "*Rhum \u00e9pic\u00e9\n*Rhum traditionnel",
    "brand": "MALIBU",
    "seoBrand": "Malibu",
    "thumbNail": "https://static.colruytgroup.com/images/200x200/std.lang.all/20/82/asset-372082.jpg",
    "fullImage": "https://static.colruytgroup.com/images/500x500/std.lang.all/20/82/asset-372082.jpg",
    "squareImage": "https://static.colruytgroup.com/images/500x500sq/std.lang.all/20/82/asset-372082.jpg",
    "content": "70cl",
    "price": {
      "basicPrice": 13.99,
      "recommendedQuantity": "1.0",
      "measurementUnitPrice": 19.99,
      "measurementUnit": "L",
      "isRedPrice": false,
      "pricePerUOM": 19.99,
      "activationDate": "27-05-2025",
      "recordSource": "Offline",
      "isPromoActive": "N",
      "priceChangeCode": "H",
      "priceReason": "Reaction"
    },
    "isPriceAvailable": true,
    "channelAvailability": [
      "3_BE_STORE",
      "8_BE_STORE",
      "8_LU_STORE",
      "8_BE_COLLECT_NEXT_DAY",
      "8_BE_HOME_DELIVERY",
      "8_BE_HOME_DELIVERY_DRIVER"
    ],
    "businessDomain": "RETAIL_BE",
    "walkRouteSequenceNumber": 785,
    "isAvailable": true,
    "inPromo": false,
    "topCategoryName": "Boissons",
    "topCategoryId": "354",
    "categories": [
      {
        "name": "Boissons",
        "id": "354",
        "children": [
          {
            "name": "Ap\u00e9ritifs",
            "id": "399",
            "children": [
              {
                "name": "Autres ap\u00e9ritifs",
                "id": "408"
              }
            ]
          }
        ]
      }
    ],
    "IsPrivateLabel": false,
    "amount": 0.7,
    "IsBiffe": false,
    "WeightconversionFactor": "0",
    "IsWeightArticle": false,
    "IsBio": false,
    "CountryOfOrigin": "BARBADE",
    "IsExclusivelySoldInLuxembourg": false,
    "OrderUnit": "P",
    "ShortName": "MALIBU COCO 21DG 70CL",
    "AlcoholDisclaimermsg": true,
    "IsNew": false,
    "amountUnit": "kg",
    "CountryOfOriginISO": "BB",
    "EcoscoreLabel": "D",
    "ShowAlcoholLegalMsg": true,
    "LongName": "MALIBU rhum Coconut 21,0%vol 70cl",
    "RecentQuanityOfStockUnits": "1,6",
    "AlcoholVolume": "21",
    "FicCode": "E",
    "EcoscoreValue": "38"
  },
  {
    "technicalArticleNumber": "3852251",
    "commercialArticleNumber": "16895",
    "gtin": [
      "03057230000253",
      "13057230000281"
    ],
    "productId": "352627",
    "name": "Blanc 17%",
    "description": "*Ap\u00e9ritif\n*17,0 % vol",
    "brand": "LILLET",
    "seoBrand": "Lillet",
    "thumbNail": "https://static.colruytgroup.com/images/200x200/std.lang.all/93/30/asset-3169330.jpg",
    "fullImage": "https://static.colruytgroup.com/images/500x500/std.lang.all/93/30/asset-3169330.jpg",
    "squareImage": "https://static.colruytgroup.com/images/500x500sq/std.lang.all/93/30/asset-3169330.jpg",
    "content": "75cl",
    "price": {
      "basicPrice": 13.99,
      "recommendedQuantity": "1.0",
      "measurementUnitPrice": 18.66,
      "measurementUnit": "L",
      "isRedPrice": false,
      "pricePerUOM": 18.66,
      "activationDate": "05-06-2025",
      "recordSource": "Offline",
      "isPromoActive": "N",
      "priceChangeCode": "H",
      "priceReason": "Reaction"
    },
    "isPriceAvailable": true,
    "channelAvailability": [
      "8_BE_STORE",
      "8_LU_STORE",
      "8_BE_COLLECT_NEXT_DAY",
      "8_BE_HOME_DELIVERY",
      "8_BE_HOME_DELIVERY_DRIVER"
    ],
    "businessDomain": "RETAIL_BE",
    "walkRouteSequenceNumber": 954,
    "isAvailable": true,
    "inPromo": false,
    "topCategoryName": "Boissons",
    "topCategoryId": "354",
    "categories": [
      {
        "name": "Boissons",
        "id": "354",
        "children": [
          {
            "name": "Ap\u00e9ritifs",
            "id": "399",
            "children": [
              {
                "name": "Ap\u00e9ritifs/Vins de liqueur",
                "id": "403"
              }
            ]
          }
        ]
      }
    ],
    "IsPrivateLabel": false,
    "amount": 0.75,
    "IsBiffe": false,
    "WeightconversionFactor": "0",
    "IsWeightArticle": false,
    "IsBio": false,
    "CountryOfOrigin": "FRANCE",
    "IsExclusivelySoldInLuxembourg": false,
    "OrderUnit": "P",
    "ShortName": "LILL BLANC 17% 75CL",
    "AlcoholDisclaimermsg": true,
    "IsNew": false,
    "amountUnit": "kg",
    "CountryOfOriginISO": "FR",
    "EcoscoreLabel": "D",
    "ShowAlcoholLegalMsg": true,
    "LongName": "LILLET Blanc 17% 75cl",
    "RecentQuanityOfStockUnits": "1,6",
    "AlcoholVolume": "17",
    "FicCode": "E",
    "EcoscoreValue": "27"
  },
  {
    "technicalArticleNumber": "4108994",
    "commercialArticleNumber": "8683",
    "gtin": [
      "13163932575276",
      "03057230000277",
      "13057230000267"
    ],
    "productId": "523490",
    "name": "Ros\u00e9 17%",
    "description": "*17% vol",
    "brand": "LILLET",
    "seoBrand": "Lillet",
    "thumbNail": "https://static.colruytgroup.com/images/200x200/std.lang.all/93/32/asset-3169332.jpg",
    "fullImage": "https://static.colruytgroup.com/images/500x500/std.lang.all/93/32/asset-3169332.jpg",
    "squareImage": "https://static.colruytgroup.com/images/500x500sq/std.lang.all/93/32/asset-3169332.jpg",
    "content": "75cl",
    "price": {
      "basicPrice": 13.99,
      "recommendedQuantity": "1.0",
      "measurementUnitPrice": 18.66,
      "measurementUnit": "L",
      "isRedPrice": false,
      "pricePerUOM": 18.66,
      "activationDate": "05-06-2025",
      "recordSource": "Offline",
      "isPromoActive": "N",
      "priceChangeCode": "H",
      "priceReason": "Reaction"
    },
    "isPriceAvailable": true,
    "channelAvailability": [
      "8_BE_STORE",
      "8_LU_STORE",
      "8_BE_COLLECT_NEXT_DAY",
      "8_BE_HOME_DELIVERY",
      "8_BE_HOME_DELIVERY_DRIVER"
    ],
    "businessDomain": "RETAIL_BE",
    "walkRouteSequenceNumber": 956,
    "isAvailable": true,
    "inPromo": false,
    "topCategoryName": "Boissons",
    "topCategoryId": "354",
    "categories": [
      {
        "name": "Boissons",
        "id": "354",
        "children": [
          {
            "name": "Ap\u00e9ritifs",
            "id": "399",
            "children": [
              {
                "name": "Bitters",
                "id": "406"
              }
            ]
          }
        ]
      }
    ],
    "IsPrivateLabel": false,
    "amount": 0.75,
    "IsBiffe": false,
    "WeightconversionFactor": "0",
    "IsWeightArticle": false,
    "IsBio": false,
    "CountryOfOrigin": "FRANCE",
    "IsExclusivelySoldInLuxembourg": false,
    "OrderUnit": "P",
    "ShortName": "LILL ROSE 17% 75CL",
    "AlcoholDisclaimermsg": true,
    "IsNew": false,
    "amountUnit": "kg",
    "CountryOfOriginISO": "FR",
    "EcoscoreLabel": "D",
    "ShowAlcoholLegalMsg": true,
    "LongName": "LILLET Ros\u00e9 17% 75cl",
    "RecentQuanityOfStockUnits": "1,6",
    "AlcoholVolume": "17",
    "FicCode": "E",
    "EcoscoreValue": "27"
  },
  {
    "technicalArticleNumber": "4817758",
    "commercialArticleNumber": "12695",
    "gtin": [
      "07610113000175",
      "07610113000205"
    ],
    "productId": "1122607",
    "name": "Mojito 14,9%",
    "description": "*Ready to serve\n*Ap\u00e9ritif\n*14,9% vol",
    "brand": "BACARD\u00cd",
    "seoBrand": "Bacard\u00ed",
    "thumbNail": "https://static.colruytgroup.com/images/200x200/std.lang.all/31/55/asset-3513155.jpg",
    "fullImage": "https://static.colruytgroup.com/images/500x500/std.lang.all/31/55/asset-3513155.jpg",
    "squareImage": "https://static.colruytgroup.com/images/500x500sq/std.lang.all/31/55/asset-3513155.jpg",
    "content": "70cl",
    "price": {
      "basicPrice": 13.99,
      "recommendedQuantity": "1.0",
      "measurementUnitPrice": 19.99,
      "measurementUnit": "L",
      "isRedPrice": false,
      "pricePerUOM": 19.99,
      "activationDate": "22-05-2025",
      "recordSource": "Offline",
      "isPromoActive": "N",
      "priceChangeCode": "E",
      "priceReason": "Reaction"
    },
    "isPriceAvailable": true,
    "channelAvailability": [
      "8_BE_STORE",
      "8_LU_STORE",
      "8_BE_COLLECT_NEXT_DAY",
      "8_BE_HOME_DELIVERY",
      "8_BE_HOME_DELIVERY_DRIVER"
    ],
    "businessDomain": "RETAIL_BE",
    "walkRouteSequenceNumber": 781,
    "isAvailable": true,
    "inPromo": false,
    "topCategoryName": "Boissons",
    "topCategoryId": "354",
    "categories": [
      {
        "name": "Boissons",
        "id": "354",
        "children": [
          {
            "name": "Ap\u00e9ritifs",
            "id": "399",
            "children": [
              {
                "name": "Autres ap\u00e9ritifs",
                "id": "408"
              }
            ]
          }
        ]
      }
    ],
    "IsPrivateLabel": false,
    "amount": 0.7,
    "IsBiffe": false,
    "WeightconversionFactor": "0",
    "IsWeightArticle": false,
    "IsBio": false,
    "CountryOfOrigin": "ITALIE",
    "IsExclusivelySoldInLuxembourg": false,
    "OrderUnit": "P",
    "ShortName": "BACA MOJITO 14.9% 70CL",
    "AlcoholDisclaimermsg": true,
    "IsNew": false,
    "amountUnit": "kg",
    "CountryOfOriginISO": "IT",
    "EcoscoreLabel": "D",
    "ShowAlcoholLegalMsg": true,
    "LongName": "BACARD\u00cd Mojito 14,9% 70cl",
    "RecentQuanityOfStockUnits": "1,6",
    "AlcoholVolume": "14.9",
    "FicCode": "E",
    "EcoscoreValue": "37"
  },
  {
    "technicalArticleNumber": "4495815",
    "commercialArticleNumber": "19377",
    "gtin": [
      "05000289933612",
      "05000289933605"
    ],
    "productId": "734931",
    "name": "0,0%",
    "description": "*Ap\u00e9ritif sans\nalcool",
    "brand": "GORDON'S",
    "seoBrand": "Gordon's",
    "thumbNail": "https://static.colruytgroup.com/images/200x200/std.lang.all/90/90/asset-3529090.jpg",
    "fullImage": "https://static.colruytgroup.com/images/500x500/std.lang.all/90/90/asset-3529090.jpg",
    "squareImage": "https://static.colruytgroup.com/images/500x500sq/std.lang.all/90/90/asset-3529090.jpg",
    "content": "70cl",
    "price": {
      "basicPrice": 13.99,
      "recommendedQuantity": "1.0",
      "measurementUnitPrice": 19.99,
      "measurementUnit": "L",
      "isRedPrice": false,
      "pricePerUOM": 19.99,
      "activationDate": "05-06-2025",
      "recordSource": "Offline",
      "isPromoActive": "N",
      "priceChangeCode": "E",
      "priceReason": "Reaction"
    },
    "isPriceAvailable": true,
    "channelAvailability": [
      "3_BE_STORE",
      "8_BE_STORE",
      "8_LU_STORE",
      "8_BE_COLLECT_NEXT_DAY",
      "8_BE_HOME_DELIVERY_DRIVER"
    ],
    "businessDomain": "RETAIL_BE",
    "walkRouteSequenceNumber": 609,
    "isAvailable": true,
    "inPromo": false,
    "topCategoryName": "Boissons",
    "topCategoryId": "354",
    "categories": [
      {
        "name": "Boissons",
        "id": "354",
        "children": [
          {
            "name": "Ap\u00e9ritifs",
            "id": "399",
            "children": [
              {
                "name": "Ap\u00e9ritifs sans alcool",
                "id": "411"
              }
            ]
          }
        ]
      }
    ],
    "IsPrivateLabel": false,
    "amount": 0.7,
    "IsBiffe": false,
    "WeightconversionFactor": "0",
    "IsWeightArticle": false,
    "nutriscoreLabel": "C",
    "IsBio": false,
    "CountryOfOrigin": "PAYS-BAS",
    "IsExclusivelySoldInLuxembourg": false,
    "OrderUnit": "P",
    "ShortName": "GORD 0.0% 70CL",
    "IsNew": false,
    "amountUnit": "kg",
    "CountryOfOriginISO": "NL",
    "LongName": "GORDON'S 0,0% 70cl",
    "RecentQuanityOfStockUnits": "1",
    "FicCode": "E"
  },
  {
    "technicalArticleNumber": "19124",
    "commercialArticleNumber": "19124",
    "gtin": [
      "05010103909044",
      "05010103931908",
      "08000040210065",
      "08000040210140"
    ],
    "productId": "1297",
    "name": "Orange 18%",
    "description": "*Bitter\n*Ap\u00e9ritif\n*18,0 % vol",
    "brand": "PICON",
    "seoBrand": "Picon",
    "thumbNail": "https://static.colruytgroup.com/images/200x200/std.lang.all/96/20/asset-389620.jpg",
    "fullImage": "https://static.colruytgroup.com/images/500x500/std.lang.all/96/20/asset-389620.jpg",
    "squareImage": "https://static.colruytgroup.com/images/500x500sq/std.lang.all/96/20/asset-389620.jpg",
    "content": "70cl",
    "price": {
      "basicPrice": 14.65,
      "recommendedQuantity": "1.0",
      "quantityPrice": 13.26,
      "quantityPriceQuantity": "2.0",
      "measurementUnitPrice": 20.93,
      "measurementUnitQuantityPrice": 18.95,
      "measurementUnit": "L",
      "isRedPrice": false,
      "pricePerUOM": 20.93,
      "activationDate": "05-06-2025",
      "recordSource": "Offline",
      "isPromoActive": "N",
      "priceChangeCode": "H",
      "quantityPricePerUOM": 18.95,
      "quantityActivationDate": "05-06-2025",
      "quantityPriceChangeCode": "E",
      "priceReason": "Reaction"
    },
    "isPriceAvailable": true,
    "channelAvailability": [
      "3_BE_STORE",
      "8_BE_STORE",
      "8_LU_STORE",
      "8_BE_COLLECT_NEXT_DAY",
      "8_BE_HOME_DELIVERY",
      "8_BE_HOME_DELIVERY_DRIVER"
    ],
    "businessDomain": "RETAIL_BE",
    "walkRouteSequenceNumber": 941,
    "isAvailable": true,
    "inPromo": false,
    "topCategoryName": "Boissons",
    "topCategoryId": "354",
    "categories": [
      {
        "name": "Boissons",
        "id": "354",
        "children": [
          {
            "name": "Ap\u00e9ritifs",
            "id": "399",
            "children": [
              {
                "name": "Bitters",
                "id": "406"
              }
            ]
          }
        ]
      }
    ],
    "IsPrivateLabel": false,
    "amount": 0.7,
    "IsBiffe": false,
    "WeightconversionFactor": "0",
    "IsWeightArticle": false,
    "IsBio": false,
    "CountryOfOrigin": "ITALIE",
    "IsExclusivelySoldInLuxembourg": false,
    "OrderUnit": "P",
    "ShortName": "PICON ORANGE 18% 70CL",
    "AlcoholDisclaimermsg": true,
    "IsNew": false,
    "amountUnit": "kg",
    "CountryOfOriginISO": "IT",
    "EcoscoreLabel": "E",
    "ShowAlcoholLegalMsg": true,
    "LongName": "PICON Orange 18% 70cl",
    "RecentQuanityOfStockUnits": "1,6,1",
    "AlcoholVolume": "18",
    "FicCode": "E",
    "EcoscoreValue": "18"
  },
  {
    "technicalArticleNumber": "3469591",
    "commercialArticleNumber": "12076",
    "gtin": [
      "05413976003732",
      "08716000118752",
      "08716000968869"
    ],
    "productId": "190498",
    "name": "liqueur 17,0%vol",
    "description": "*Ready to serve\n*Base pour cocktail\n*17,0 % vol",
    "brand": "PISANG AMBON",
    "seoBrand": "Pisang Ambon",
    "thumbNail": "https://static.colruytgroup.com/images/200x200/std.lang.all/99/80/asset-2719980.jpg",
    "fullImage": "https://static.colruytgroup.com/images/500x500/std.lang.all/99/80/asset-2719980.jpg",
    "squareImage": "https://static.colruytgroup.com/images/500x500sq/std.lang.all/99/80/asset-2719980.jpg",
    "content": "70cl",
    "price": {
      "basicPrice": 14.95,
      "recommendedQuantity": "1.0",
      "measurementUnitPrice": 21.36,
      "measurementUnit": "L",
      "isRedPrice": false,
      "pricePerUOM": 21.36,
      "activationDate": "05-06-2025",
      "recordSource": "Folder",
      "isPromoActive": "N",
      "priceChangeCode": "H",
      "priceReason": "Reaction"
    },
    "isPriceAvailable": true,
    "channelAvailability": [
      "3_BE_STORE",
      "8_BE_STORE",
      "8_LU_STORE",
      "8_BE_COLLECT_NEXT_DAY",
      "8_BE_HOME_DELIVERY",
      "8_BE_HOME_DELIVERY_DRIVER"
    ],
    "businessDomain": "RETAIL_BE",
    "walkRouteSequenceNumber": 951,
    "isAvailable": true,
    "inPromo": false,
    "topCategoryName": "Boissons",
    "topCategoryId": "354",
    "categories": [
      {
        "name": "Boissons",
        "id": "354",
        "children": [
          {
            "name": "Ap\u00e9ritifs",
            "id": "399",
            "children": [
              {
                "name": "Autres ap\u00e9ritifs",
                "id": "408"
              }
            ]
          }
        ]
      }
    ],
    "IsPrivateLabel": false,
    "amount": 0.7,
    "IsBiffe": false,
    "WeightconversionFactor": "0",
    "IsWeightArticle": false,
    "IsBio": false,
    "CountryOfOrigin": "PAYS-BAS",
    "IsExclusivelySoldInLuxembourg": false,
    "OrderUnit": "P",
    "ShortName": "PISANG AMBON 17% 70CL",
    "AlcoholDisclaimermsg": true,
    "IsNew": false,
    "amountUnit": "kg",
    "CountryOfOriginISO": "NL",
    "EcoscoreLabel": "E",
    "ShowAlcoholLegalMsg": true,
    "LongName": "PISANG AMBON liqueur 17,0%vol 70cl",
    "RecentQuanityOfStockUnits": "1,6",
    "AlcoholVolume": "17",
    "FicCode": "E",
    "EcoscoreValue": "18"
  },
  {
    "technicalArticleNumber": "19132",
    "commercialArticleNumber": "19132",
    "gtin": [
      "05413976003992",
      "03035540001740",
      "03035540001757"
    ],
    "productId": "1300",
    "name": "liqueur 17,0%vol",
    "description": "*Ready to serve\n*Base pour cocktail\n*17,0 % vol",
    "brand": "PASSO\u00c3",
    "seoBrand": "Passo\u00e3",
    "thumbNail": "https://static.colruytgroup.com/images/200x200/std.lang.all/13/86/asset-3611386.jpg",
    "fullImage": "https://static.colruytgroup.com/images/500x500/std.lang.all/13/86/asset-3611386.jpg",
    "squareImage": "https://static.colruytgroup.com/images/500x500sq/std.lang.all/13/86/asset-3611386.jpg",
    "content": "70cl",
    "price": {
      "basicPrice": 14.95,
      "recommendedQuantity": "1.0",
      "measurementUnitPrice": 21.36,
      "measurementUnit": "L",
      "isRedPrice": false,
      "pricePerUOM": 21.36,
      "activationDate": "04-06-2025",
      "recordSource": "Folder",
      "isPromoActive": "N",
      "priceChangeCode": "E",
      "priceReason": "Reaction"
    },
    "isPriceAvailable": true,
    "channelAvailability": [
      "3_BE_STORE",
      "8_BE_STORE",
      "8_LU_STORE",
      "8_BE_COLLECT_NEXT_DAY",
      "8_BE_HOME_DELIVERY",
      "8_BE_HOME_DELIVERY_DRIVER"
    ],
    "businessDomain": "RETAIL_BE",
    "walkRouteSequenceNumber": 948,
    "isAvailable": true,
    "inPromo": false,
    "topCategoryName": "Boissons",
    "topCategoryId": "354",
    "categories": [
      {
        "name": "Boissons",
        "id": "354",
        "children": [
          {
            "name": "Ap\u00e9ritifs",
            "id": "399",
            "children": [
              {
                "name": "Autres ap\u00e9ritifs",
                "id": "408"
              }
            ]
          }
        ]
      }
    ],
    "IsPrivateLabel": false,
    "amount": 0.7,
    "IsBiffe": false,
    "WeightconversionFactor": "0",
    "IsWeightArticle": false,
    "IsBio": false,
    "CountryOfOrigin": "PAYS-BAS",
    "IsExclusivelySoldInLuxembourg": false,
    "OrderUnit": "P",
    "ShortName": "PASSOA 17% 70CL",
    "AlcoholDisclaimermsg": true,
    "IsNew": false,
    "amountUnit": "kg",
    "CountryOfOriginISO": "NL",
    "EcoscoreLabel": "E",
    "ShowAlcoholLegalMsg": true,
    "LongName": "PASSO\u00c3 liqueur 17,0%vol 70cl",
    "RecentQuanityOfStockUnits": "6,1",
    "AlcoholVolume": "17",
    "FicCode": "E",
    "EcoscoreValue": "18"
  },
  {
    "technicalArticleNumber": "19143",
    "commercialArticleNumber": "19143",
    "gtin": [
      "04003310019423",
      "07640109120051",
      "04003310016095",
      "04003310016101",
      "04003310016736",
      "07640109120778"
    ],
    "productId": "1506",
    "name": "Batida de C\u00f4co 16%",
    "description": "*Ready to serve\n*Base pour cocktail\n20",
    "brand": "MANGAROCA",
    "seoBrand": "Mangaroca Batida de C\u00f4co",
    "thumbNail": "https://static.colruytgroup.com/images/200x200/std.lang.all/43/97/asset-1484397.jpg",
    "fullImage": "https://static.colruytgroup.com/images/500x500/std.lang.all/43/97/asset-1484397.jpg",
    "squareImage": "https://static.colruytgroup.com/images/500x500sq/std.lang.all/43/97/asset-1484397.jpg",
    "content": "70cl",
    "price": {
      "basicPrice": 14.95,
      "recommendedQuantity": "1.0",
      "quantityPrice": 14.35,
      "quantityPriceQuantity": "6.0",
      "measurementUnitPrice": 21.36,
      "measurementUnitQuantityPrice": 20.5,
      "measurementUnit": "L",
      "isRedPrice": false,
      "pricePerUOM": 21.36,
      "activationDate": "14-04-2025",
      "recordSource": "Offline",
      "isPromoActive": "N",
      "priceChangeCode": "E",
      "quantityPricePerUOM": 20.5,
      "quantityActivationDate": "14-04-2025",
      "quantityPriceChangeCode": "E",
      "priceReason": "Reaction"
    },
    "isPriceAvailable": true,
    "channelAvailability": [
      "3_BE_STORE",
      "8_BE_STORE",
      "8_LU_STORE",
      "8_BE_COLLECT_NEXT_DAY",
      "8_BE_HOME_DELIVERY",
      "8_BE_HOME_DELIVERY_DRIVER"
    ],
    "businessDomain": "RETAIL_BE",
    "walkRouteSequenceNumber": 947,
    "isAvailable": true,
    "inPromo": false,
    "topCategoryName": "Boissons",
    "topCategoryId": "354",
    "categories": [
      {
        "name": "Boissons",
        "id": "354",
        "children": [
          {
            "name": "Ap\u00e9ritifs",
            "id": "399",
            "children": [
              {
                "name": "Autres ap\u00e9ritifs",
                "id": "408"
              }
            ]
          }
        ]
      }
    ],
    "IsPrivateLabel": false,
    "amount": 0.7,
    "IsBiffe": false,
    "IsWeightArticle": false,
    "WeightconversionFactor": "0",
    "IsBio": false,
    "CountryOfOrigin": "POLOGNE",
    "IsExclusivelySoldInLuxembourg": false,
    "OrderUnit": "P",
    "AlcoholDisclaimermsg": true,
    "InSeason": true,
    "ShortName": "MANG BATIDA COCO 70CL",
    "IsNew": false,
    "amountUnit": "kg",
    "CountryOfOriginISO": "PL",
    "EcoscoreLabel": "E",
    "ShowAlcoholLegalMsg": true,
    "LongName": "MANGAROCA Batida de C\u00f4co 16% 70cl",
    "RecentQuanityOfStockUnits": "1,6",
    "AlcoholVolume": "16",
    "StartSeasonDate": "11/10/2013",
    "FicCode": "E",
    "EcoscoreValue": "18"
  },
  {
    "technicalArticleNumber": "3327390",
    "commercialArticleNumber": "7661",
    "gtin": [
      "05010867801967",
      "05010867801073",
      "05010867801066"
    ],
    "productId": "148937",
    "name": "Tawny Porto 10Y 20%",
    "description": "*Porto Old Tawny\n*10 ans d'\u00e2ge\n*Ap\u00e9ritif\n*20,0 % vol",
    "brand": "COCKBURN'S",
    "seoBrand": "Cockburn's",
    "thumbNail": "https://static.colruytgroup.com/images/200x200/std.lang.all/90/46/asset-3769046.jpg",
    "fullImage": "https://static.colruytgroup.com/images/500x500/std.lang.all/90/46/asset-3769046.jpg",
    "squareImage": "https://static.colruytgroup.com/images/500x500sq/std.lang.all/90/46/asset-3769046.jpg",
    "content": "75cl",
    "price": {
      "basicPrice": 14.99,
      "recommendedQuantity": "1.0",
      "measurementUnitPrice": 19.99,
      "measurementUnit": "L",
      "isRedPrice": false,
      "pricePerUOM": 19.99,
      "activationDate": "04-06-2025",
      "isPromoActive": "Y",
      "priceChangeCode": "E",
      "priceReason": "Promo"
    },
    "isPriceAvailable": true,
    "channelAvailability": [
      "8_BE_STORE",
      "8_LU_STORE",
      "8_BE_COLLECT_NEXT_DAY",
      "8_BE_HOME_DELIVERY_DRIVER"
    ],
    "businessDomain": "RETAIL_BE",
    "walkRouteSequenceNumber": 710,
    "isAvailable": true,
    "inPromo": true,
    "promotion": [
      {
        "techPromoId": "101273COLR",
        "promotionId": "101273",
        "promotionType": "3",
        "isPersonalized": "N",
        "publicationStartDate": "04-06-2025",
        "publicationEndDate": "17-06-2025",
        "topPromo": false
      }
    ],
    "topCategoryName": "Boissons",
    "topCategoryId": "354",
    "categories": [
      {
        "name": "Boissons",
        "id": "354",
        "children": [
          {
            "name": "Ap\u00e9ritifs",
            "id": "399",
            "children": [
              {
                "name": "Porto",
                "id": "400"
              }
            ]
          }
        ]
      }
    ],
    "IsPrivateLabel": false,
    "amount": 0.75,
    "IsBiffe": false,
    "WeightconversionFactor": "0",
    "IsWeightArticle": false,
    "IsBio": false,
    "CountryOfOrigin": "PORTUGAL",
    "IsExclusivelySoldInLuxembourg": false,
    "OrderUnit": "P",
    "ShortName": "/COCKBURN S 10Y 75CL",
    "AlcoholDisclaimermsg": true,
    "IsNew": false,
    "amountUnit": "kg",
    "CountryOfOriginISO": "PT",
    "EcoscoreLabel": "C",
    "ShowAlcoholLegalMsg": true,
    "LongName": "COCKBURN'S Tawny Porto 10Y 20% 75cl",
    "RecentQuanityOfStockUnits": "1",
    "AlcoholVolume": "20",
    "FicCode": "E",
    "EcoscoreValue": "54"
  },
  {
    "technicalArticleNumber": "4858303",
    "commercialArticleNumber": "38561",
    "gtin": [
      "05430001854961",
      "05430004289173"
    ],
    "productId": "1243153",
    "name": "Basil Breeze",
    "description": "*Mocktail\npr\u00e9par\u00e9",
    "brand": "THE MOCKTAIL CLUB",
    "seoBrand": "The mocktail club",
    "thumbNail": "https://static.colruytgroup.com/images/200x200/std.lang.all/30/26/asset-3733026.jpg",
    "fullImage": "https://static.colruytgroup.com/images/500x500/std.lang.all/30/26/asset-3733026.jpg",
    "squareImage": "https://static.colruytgroup.com/images/500x500sq/std.lang.all/30/26/asset-3733026.jpg",
    "content": "99cl",
    "price": {
      "basicPrice": 14.99,
      "recommendedQuantity": "1.0",
      "measurementUnitPrice": 15.15,
      "measurementUnit": "L",
      "isRedPrice": false,
      "pricePerUOM": 15.15,
      "activationDate": "05-06-2025",
      "recordSource": "Online",
      "isPromoActive": "N",
      "priceChangeCode": "E",
      "priceReason": "Reaction"
    },
    "isPriceAvailable": true,
    "channelAvailability": [
      "8_BE_STORE",
      "8_BE_COLLECT_NEXT_DAY",
      "8_BE_HOME_DELIVERY_DRIVER"
    ],
    "businessDomain": "RETAIL_BE",
    "walkRouteSequenceNumber": 590,
    "isAvailable": true,
    "inPromo": false,
    "topCategoryName": "Boissons",
    "topCategoryId": "354",
    "categories": [
      {
        "name": "Boissons",
        "id": "354",
        "children": [
          {
            "name": "Ap\u00e9ritifs",
            "id": "399",
            "children": [
              {
                "name": "Ap\u00e9ritifs sans alcool",
                "id": "411"
              }
            ]
          }
        ]
      }
    ],
    "IsPrivateLabel": false,
    "amount": {
      "source": "1.0",
      "parsedValue": 1
    },
    "IsBiffe": false,
    "WeightconversionFactor": "0",
    "IsWeightArticle": false,
    "nutriscoreLabel": "C",
    "IsBio": false,
    "CountryOfOrigin": "BELGIQUE",
    "IsExclusivelySoldInLuxembourg": false,
    "OrderUnit": "P",
    "ShortName": "MOCL BASIL BREEZE 99CL",
    "AlcoholDisclaimermsg": false,
    "IsNew": false,
    "amountUnit": "kg",
    "CountryOfOriginISO": "BE",
    "ShowAlcoholLegalMsg": false,
    "LongName": "THE MOCKTAIL CLUB Basil Breeze 99cl",
    "RecentQuanityOfStockUnits": "1",
    "AlcoholVolume": "0",
    "FicCode": "E"
  },
  {
    "technicalArticleNumber": "4695710",
    "commercialArticleNumber": "27652",
    "gtin": [
      "05425006246910",
      "05425006246866"
    ],
    "productId": "848525",
    "name": "sirop gingembre-citron",
    "description": "*Sirop de fruits",
    "brand": "BATTELIEK",
    "seoBrand": "Batteliek",
    "thumbNail": "https://static.colruytgroup.com/images/200x200/std.lang.all/34/80/asset-3713480.jpg",
    "fullImage": "https://static.colruytgroup.com/images/500x500/std.lang.all/34/80/asset-3713480.jpg",
    "squareImage": "https://static.colruytgroup.com/images/500x500sq/std.lang.all/34/80/asset-3713480.jpg",
    "content": "70cl",
    "price": {
      "basicPrice": 14.99,
      "recommendedQuantity": "1.0",
      "quantityPrice": 14.39,
      "quantityPriceQuantity": "6.0",
      "measurementUnitPrice": 21.42,
      "measurementUnitQuantityPrice": 20.56,
      "measurementUnit": "L",
      "isRedPrice": false,
      "pricePerUOM": 21.42,
      "activationDate": "07-05-2025",
      "isPromoActive": "N",
      "priceChangeCode": "H",
      "quantityPricePerUOM": 20.56,
      "quantityActivationDate": "07-05-2025",
      "quantityPriceChangeCode": "E",
      "priceReason": "FALLBACK"
    },
    "isPriceAvailable": true,
    "channelAvailability": [
      "3_BE_STORE",
      "8_BE_STORE",
      "8_LU_STORE",
      "8_BE_COLLECT_NEXT_DAY",
      "8_BE_HOME_DELIVERY",
      "8_BE_HOME_DELIVERY_DRIVER"
    ],
    "businessDomain": "RETAIL_BE",
    "walkRouteSequenceNumber": 588,
    "isAvailable": true,
    "inPromo": false,
    "topCategoryName": "Boissons",
    "topCategoryId": "354",
    "categories": [
      {
        "name": "Boissons",
        "id": "354",
        "children": [
          {
            "name": "Ap\u00e9ritifs",
            "id": "399",
            "children": [
              {
                "name": "Ap\u00e9ritifs sans alcool",
                "id": "411"
              }
            ]
          }
        ]
      }
    ],
    "IsPrivateLabel": false,
    "amount": 0.7,
    "IsBiffe": false,
    "WeightconversionFactor": "0",
    "IsWeightArticle": false,
    "IsBio": false,
    "CountryOfOrigin": "BELGIQUE",
    "IsExclusivelySoldInLuxembourg": false,
    "OrderUnit": "P",
    "ShortName": "BATT GEMBER-CITROEN70CL",
    "IsNew": false,
    "amountUnit": "kg",
    "CountryOfOriginISO": "BE",
    "EcoscoreLabel": "B",
    "LongName": "BATTELIEK sirop gingembre-citron 70cl",
    "RecentQuanityOfStockUnits": "6,1",
    "FicCode": "E",
    "EcoscoreValue": "79"
  },
  {
    "technicalArticleNumber": "4301292",
    "commercialArticleNumber": "23592",
    "gtin": [
      "08714432170102",
      "08714432170119"
    ],
    "productId": "621522",
    "name": "14%",
    "description": "*Vodka\n*Sucr\u00e9\n*14% vol",
    "brand": "ROCKETSHOT",
    "seoBrand": "Rocketshot",
    "thumbNail": "https://static.colruytgroup.com/images/200x200/std.lang.all/30/73/asset-2943073.jpg",
    "fullImage": "https://static.colruytgroup.com/images/500x500/std.lang.all/30/73/asset-2943073.jpg",
    "squareImage": "https://static.colruytgroup.com/images/500x500sq/std.lang.all/30/73/asset-2943073.jpg",
    "content": "70cl",
    "price": {
      "basicPrice": 14.99,
      "recommendedQuantity": "1.0",
      "quantityPrice": 14.39,
      "quantityPriceQuantity": "6.0",
      "measurementUnitPrice": 21.42,
      "measurementUnitQuantityPrice": 20.56,
      "measurementUnit": "L",
      "isRedPrice": false,
      "pricePerUOM": 21.42,
      "activationDate": "31-05-2025",
      "recordSource": "Offline",
      "isPromoActive": "N",
      "priceChangeCode": "H",
      "quantityPricePerUOM": 20.56,
      "quantityActivationDate": "31-05-2025",
      "quantityPriceChangeCode": "H",
      "priceReason": "Reaction"
    },
    "isPriceAvailable": true,
    "channelAvailability": [
      "8_BE_STORE",
      "8_BE_COLLECT_NEXT_DAY",
      "8_BE_HOME_DELIVERY_DRIVER"
    ],
    "businessDomain": "RETAIL_BE",
    "walkRouteSequenceNumber": 755,
    "isAvailable": true,
    "inPromo": false,
    "topCategoryName": "Boissons",
    "topCategoryId": "354",
    "categories": [
      {
        "name": "Boissons",
        "id": "354",
        "children": [
          {
            "name": "Ap\u00e9ritifs",
            "id": "399",
            "children": [
              {
                "name": "Autres ap\u00e9ritifs",
                "id": "408"
              }
            ]
          }
        ]
      }
    ],
    "IsPrivateLabel": false,
    "amount": 0.7,
    "IsBiffe": false,
    "IsWeightArticle": false,
    "WeightconversionFactor": "0",
    "IsBio": false,
    "CountryOfOrigin": "PAYS-BAS",
    "IsExclusivelySoldInLuxembourg": false,
    "OrderUnit": "P",
    "AlcoholDisclaimermsg": true,
    "InSeason": true,
    "ShortName": "ROCKETSHOT 14% 70CL",
    "IsNew": false,
    "amountUnit": "kg",
    "CountryOfOriginISO": "NL",
    "EcoscoreLabel": "D",
    "ShowAlcoholLegalMsg": true,
    "LongName": "ROCKETSHOT 14% 70cl",
    "RecentQuanityOfStockUnits": "1,6",
    "AlcoholVolume": "14",
    "StartSeasonDate": "25/08/2022",
    "FicCode": "E",
    "EcoscoreValue": "38"
  },
  {
    "technicalArticleNumber": "4883934",
    "commercialArticleNumber": "13679",
    "gtin": [
      "08437016113592",
      "18437016113599"
    ],
    "productId": "1261734",
    "name": "Mojito 13%",
    "brand": "EL CHIRINGUITO",
    "seoBrand": "El Chiringuito",
    "thumbNail": "https://static.colruytgroup.com/images/200x200/std.lang.all/65/93/asset-3776593.jpg",
    "fullImage": "https://static.colruytgroup.com/images/500x500/std.lang.all/65/93/asset-3776593.jpg",
    "squareImage": "https://static.colruytgroup.com/images/500x500sq/std.lang.all/65/93/asset-3776593.jpg",
    "content": "1,5L",
    "price": {
      "basicPrice": 14.99,
      "recommendedQuantity": "1.0",
      "quantityPrice": 14.39,
      "quantityPriceQuantity": "3.0",
      "measurementUnitPrice": {
        "source": "10.0",
        "parsedValue": 10
      },
      "measurementUnitQuantityPrice": 9.6,
      "measurementUnit": "L",
      "isRedPrice": false,
      "pricePerUOM": {
        "source": "10.0",
        "parsedValue": 10
      },
      "activationDate": "05-03-2025",
      "isPromoActive": "N",
      "priceChangeCode": "E",
      "quantityPricePerUOM": 9.6,
      "quantityActivationDate": "05-03-2025",
      "quantityPriceChangeCode": "E",
      "priceReason": "FALLBACK"
    },
    "isPriceAvailable": true,
    "channelAvailability": [
      "8_BE_STORE",
      "8_LU_STORE",
      "8_BE_COLLECT_NEXT_DAY",
      "8_BE_HOME_DELIVERY",
      "8_BE_HOME_DELIVERY_DRIVER"
    ],
    "businessDomain": "RETAIL_BE",
    "walkRouteSequenceNumber": 1490,
    "isAvailable": true,
    "inPromo": false,
    "topCategoryName": "Boissons",
    "topCategoryId": "354",
    "categories": [
      {
        "name": "Boissons",
        "id": "354",
        "children": [
          {
            "name": "Ap\u00e9ritifs",
            "id": "399",
            "children": [
              {
                "name": "Cocktails pr\u00e9par\u00e9s",
                "id": "407"
              }
            ]
          }
        ]
      }
    ],
    "IsPrivateLabel": false,
    "amount": 1.5,
    "IsBiffe": false,
    "WeightconversionFactor": "0",
    "IsWeightArticle": false,
    "IsBio": false,
    "CountryOfOrigin": "ESPAGNE",
    "IsExclusivelySoldInLuxembourg": false,
    "OrderUnit": "P",
    "ShortName": "ELCH MOJITO 13% 1.5L",
    "AlcoholDisclaimermsg": true,
    "IsNew": false,
    "amountUnit": "kg",
    "CountryOfOriginISO": "ES",
    "EcoscoreLabel": "D",
    "ShowAlcoholLegalMsg": true,
    "LongName": "EL CHIRINGUITO Mojito 13% 1,5L",
    "RecentQuanityOfStockUnits": "1",
    "AlcoholVolume": "13",
    "FicCode": "E",
    "EcoscoreValue": "37"
  },
  {
    "technicalArticleNumber": "4850498",
    "commercialArticleNumber": "38376",
    "gtin": [
      "08716000158642",
      "08716000970527"
    ],
    "productId": "1236823",
    "name": "Giftpack+2x TH Tonic Water",
    "description": "*Sans alcool",
    "brand": "FLU\u00c8RE",
    "seoBrand": "Flu\u00e8re",
    "thumbNail": "https://static.colruytgroup.com/images/200x200/std.lang.all/42/16/asset-3654216.jpg",
    "fullImage": "https://static.colruytgroup.com/images/500x500/std.lang.all/42/16/asset-3654216.jpg",
    "squareImage": "https://static.colruytgroup.com/images/500x500sq/std.lang.all/42/16/asset-3654216.jpg",
    "content": "67,5cl",
    "price": {
      "basicPrice": 15.75,
      "recommendedQuantity": "1.0",
      "measurementUnitPrice": 23.34,
      "measurementUnit": "L",
      "isRedPrice": true,
      "redPriceReason": "Promo",
      "referencePrice": 17.49,
      "retentionPeriod": 30,
      "pricePerUOM": 23.34,
      "activationDate": "04-06-2025",
      "isPromoActive": "Y",
      "priceChangeCode": "L",
      "priceReason": "Promo"
    },
    "isPriceAvailable": true,
    "channelAvailability": [
      "8_BE_STORE",
      "8_BE_COLLECT_NEXT_DAY",
      "8_BE_HOME_DELIVERY_DRIVER"
    ],
    "businessDomain": "RETAIL_BE",
    "walkRouteSequenceNumber": 587,
    "isAvailable": true,
    "inPromo": false,
    "topCategoryName": "Boissons",
    "topCategoryId": "354",
    "categories": [
      {
        "name": "Boissons",
        "id": "354",
        "children": [
          {
            "name": "Ap\u00e9ritifs",
            "id": "399",
            "children": [
              {
                "name": "Ap\u00e9ritifs sans alcool",
                "id": "411"
              }
            ]
          }
        ]
      }
    ],
    "IsPrivateLabel": false,
    "amount": 0.675,
    "IsBiffe": false,
    "WeightconversionFactor": "0",
    "IsWeightArticle": false,
    "nutriscoreLabel": "E",
    "IsBio": false,
    "CountryOfOrigin": "ALLEMAGNE",
    "IsExclusivelySoldInLuxembourg": false,
    "OrderUnit": "P",
    "ShortName": "FLUE GIFTP27.5CL+2X20CL",
    "AlcoholDisclaimermsg": false,
    "IsNew": false,
    "amountUnit": "kg",
    "CountryOfOriginISO": "DE",
    "ShowAlcoholLegalMsg": false,
    "LongName": "FLU\u00c8RE Giftpack+2x TH Tonic Water 67,5cl",
    "RecentQuanityOfStockUnits": "1",
    "AlcoholVolume": "0",
    "FicCode": "E"
  },
  {
    "technicalArticleNumber": "1387387",
    "commercialArticleNumber": "19249",
    "gtin": [
      "05413148000330",
      "05400141192490"
    ],
    "productId": "11322",
    "name": "ap\u00e9ritif 30,0%vol",
    "description": "*Bitter\n*Ap\u00e9ritif\n*30,0 % vol",
    "brand": "AMER LABIAU",
    "seoBrand": "Amer Labiau",
    "thumbNail": "https://static.colruytgroup.com/images/200x200/std.lang.all/70/99/asset-357099.jpg",
    "fullImage": "https://static.colruytgroup.com/images/500x500/std.lang.all/70/99/asset-357099.jpg",
    "squareImage": "https://static.colruytgroup.com/images/500x500sq/std.lang.all/70/99/asset-357099.jpg",
    "content": "70cl",
    "price": {
      "basicPrice": 15.78,
      "recommendedQuantity": "1.0",
      "measurementUnitPrice": 22.55,
      "measurementUnit": "L",
      "isRedPrice": false,
      "pricePerUOM": 22.55,
      "activationDate": "23-09-2023",
      "isPromoActive": "N",
      "priceChangeCode": "H",
      "priceReason": "FALLBACK"
    },
    "isPriceAvailable": true,
    "channelAvailability": [
      "8_BE_STORE",
      "8_LU_STORE",
      "8_BE_COLLECT_NEXT_DAY",
      "8_BE_HOME_DELIVERY_DRIVER"
    ],
    "businessDomain": "RETAIL_BE",
    "walkRouteSequenceNumber": 943,
    "isAvailable": true,
    "inPromo": false,
    "topCategoryName": "Boissons",
    "topCategoryId": "354",
    "categories": [
      {
        "name": "Boissons",
        "id": "354",
        "children": [
          {
            "name": "Ap\u00e9ritifs",
            "id": "399",
            "children": [
              {
                "name": "Bitters",
                "id": "406"
              }
            ]
          }
        ]
      }
    ],
    "IsPrivateLabel": false,
    "amount": 0.7,
    "IsBiffe": false,
    "WeightconversionFactor": "0",
    "IsWeightArticle": false,
    "IsBio": false,
    "CountryOfOrigin": "BELGIQUE",
    "IsExclusivelySoldInLuxembourg": false,
    "OrderUnit": "P",
    "ShortName": "RE AMER LABIAU 30G 70CL",
    "AlcoholDisclaimermsg": true,
    "InSeason": true,
    "IsNew": false,
    "amountUnit": "kg",
    "CountryOfOriginISO": "BE",
    "ShowAlcoholLegalMsg": true,
    "LongName": "AMER LABIAU ap\u00e9ritif 30,0%vol 70cl",
    "RecentQuanityOfStockUnits": "1",
    "AlcoholVolume": "30",
    "StartSeasonDate": "21/12/2015",
    "FicCode": "E"
  },
  {
    "technicalArticleNumber": "3584019",
    "commercialArticleNumber": "17855",
    "gtin": [
      "08002250800074",
      "08002240001023",
      "05425008641348"
    ],
    "productId": "262001",
    "name": "ap\u00e9ritif 16,5%vol",
    "description": "*Ap\u00e9ritif\n*16,5 % vol",
    "brand": "CYNAR",
    "seoBrand": "Cynar",
    "thumbNail": "https://static.colruytgroup.com/images/200x200/std.lang.all/07/98/asset-1060798.jpg",
    "fullImage": "https://static.colruytgroup.com/images/500x500/std.lang.all/07/98/asset-1060798.jpg",
    "squareImage": "https://static.colruytgroup.com/images/500x500sq/std.lang.all/07/98/asset-1060798.jpg",
    "content": "70cl",
    "price": {
      "basicPrice": 15.95,
      "recommendedQuantity": "1.0",
      "measurementUnitPrice": 22.79,
      "measurementUnit": "L",
      "isRedPrice": false,
      "pricePerUOM": 22.79,
      "activationDate": "12-04-2025",
      "recordSource": "Online",
      "isPromoActive": "N",
      "priceChangeCode": "E",
      "priceReason": "Reaction"
    },
    "isPriceAvailable": true,
    "channelAvailability": [
      "8_BE_STORE",
      "8_BE_COLLECT_NEXT_DAY",
      "8_BE_HOME_DELIVERY_DRIVER"
    ],
    "businessDomain": "RETAIL_BE",
    "walkRouteSequenceNumber": 955,
    "isAvailable": true,
    "inPromo": false,
    "topCategoryName": "Boissons",
    "topCategoryId": "354",
    "categories": [
      {
        "name": "Boissons",
        "id": "354",
        "children": [
          {
            "name": "Ap\u00e9ritifs",
            "id": "399",
            "children": [
              {
                "name": "Bitters",
                "id": "406"
              }
            ]
          }
        ]
      }
    ],
    "IsPrivateLabel": false,
    "amount": 0.7,
    "IsBiffe": false,
    "WeightconversionFactor": "0",
    "IsWeightArticle": false,
    "IsBio": false,
    "CountryOfOrigin": "ITALIE",
    "IsExclusivelySoldInLuxembourg": false,
    "OrderUnit": "P",
    "ShortName": "CYNAR 70CL",
    "AlcoholDisclaimermsg": true,
    "IsNew": false,
    "amountUnit": "kg",
    "CountryOfOriginISO": "IT",
    "EcoscoreLabel": "D",
    "ShowAlcoholLegalMsg": true,
    "LongName": "CYNAR ap\u00e9ritif 16,5%vol 70cl",
    "RecentQuanityOfStockUnits": "1,6",
    "AlcoholVolume": "16.5",
    "FicCode": "E",
    "EcoscoreValue": "33"
  },
  {
    "technicalArticleNumber": "4729537",
    "commercialArticleNumber": "32137",
    "gtin": [
      "05000289934596",
      "05000289934602"
    ],
    "productId": "874561",
    "name": "Premium Pink 0,0%",
    "description": "*Ap\u00e9ritif sans\nalcool",
    "brand": "GORDON'S",
    "seoBrand": "Gordon's",
    "thumbNail": "https://static.colruytgroup.com/images/200x200/std.lang.all/28/72/asset-3332872.jpg",
    "fullImage": "https://static.colruytgroup.com/images/500x500/std.lang.all/28/72/asset-3332872.jpg",
    "squareImage": "https://static.colruytgroup.com/images/500x500sq/std.lang.all/28/72/asset-3332872.jpg",
    "content": "70cl",
    "price": {
      "basicPrice": 15.95,
      "recommendedQuantity": "1.0",
      "measurementUnitPrice": 22.79,
      "measurementUnit": "L",
      "isRedPrice": false,
      "pricePerUOM": 22.79,
      "activationDate": "08-05-2025",
      "recordSource": "Online",
      "isPromoActive": "N",
      "priceChangeCode": "E",
      "priceReason": "Reaction"
    },
    "isPriceAvailable": true,
    "channelAvailability": [
      "8_BE_STORE",
      "8_LU_STORE",
      "8_BE_COLLECT_NEXT_DAY",
      "8_BE_HOME_DELIVERY_DRIVER"
    ],
    "businessDomain": "RETAIL_BE",
    "walkRouteSequenceNumber": 608,
    "isAvailable": true,
    "inPromo": false,
    "topCategoryName": "Boissons",
    "topCategoryId": "354",
    "categories": [
      {
        "name": "Boissons",
        "id": "354",
        "children": [
          {
            "name": "Ap\u00e9ritifs",
            "id": "399",
            "children": [
              {
                "name": "Ap\u00e9ritifs sans alcool",
                "id": "411"
              }
            ]
          }
        ]
      }
    ],
    "IsPrivateLabel": false,
    "amount": 0.7,
    "IsBiffe": false,
    "WeightconversionFactor": "0",
    "IsWeightArticle": false,
    "nutriscoreLabel": "C",
    "IsBio": false,
    "CountryOfOrigin": "ITALIE",
    "IsExclusivelySoldInLuxembourg": false,
    "OrderUnit": "P",
    "ShortName": "GORD PINK 0.0% 70CL",
    "AlcoholDisclaimermsg": false,
    "IsNew": false,
    "amountUnit": "kg",
    "CountryOfOriginISO": "IT",
    "servings": {
      "source": "14.0",
      "parsedValue": 14
    },
    "ShowAlcoholLegalMsg": false,
    "LongName": "GORDON'S Premium Pink 0,0% 70cl",
    "RecentQuanityOfStockUnits": "1",
    "AlcoholVolume": "0",
    "FicCode": "E"
  },
  {
    "technicalArticleNumber": "1462254",
    "commercialArticleNumber": "19347",
    "gtin": [
      "15410293620229",
      "15410293620267",
      "05425002713218",
      "05425002710033",
      "05410293620031",
      "15410293620038",
      "15410293620250"
    ],
    "productId": "14845",
    "name": "Original 10%vol",
    "description": "*Ready to serve\n*Base pour cocktail\n*10,0 % vol",
    "brand": "ZIZI COIN COIN",
    "seoBrand": "Zizi Coin Coin",
    "thumbNail": "https://static.colruytgroup.com/images/200x200/std.lang.all/51/21/asset-3175121.jpg",
    "fullImage": "https://static.colruytgroup.com/images/500x500/std.lang.all/51/21/asset-3175121.jpg",
    "squareImage": "https://static.colruytgroup.com/images/500x500sq/std.lang.all/51/21/asset-3175121.jpg",
    "content": "1L",
    "price": {
      "basicPrice": 15.99,
      "recommendedQuantity": "1.0",
      "measurementUnitPrice": 15.99,
      "measurementUnit": "L",
      "isRedPrice": false,
      "pricePerUOM": 15.99,
      "activationDate": "08-05-2025",
      "recordSource": "Offline",
      "isPromoActive": "N",
      "priceChangeCode": "E",
      "priceReason": "Reaction"
    },
    "isPriceAvailable": true,
    "channelAvailability": [
      "8_BE_STORE",
      "8_BE_COLLECT_NEXT_DAY",
      "8_BE_HOME_DELIVERY_DRIVER"
    ],
    "businessDomain": "RETAIL_BE",
    "walkRouteSequenceNumber": 960,
    "isAvailable": true,
    "inPromo": false,
    "topCategoryName": "Boissons",
    "topCategoryId": "354",
    "categories": [
      {
        "name": "Boissons",
        "id": "354",
        "children": [
          {
            "name": "Ap\u00e9ritifs",
            "id": "399",
            "children": [
              {
                "name": "Autres ap\u00e9ritifs",
                "id": "408"
              }
            ]
          }
        ]
      }
    ],
    "IsPrivateLabel": false,
    "amount": {
      "source": "1.0",
      "parsedValue": 1
    },
    "IsBiffe": false,
    "WeightconversionFactor": "0",
    "IsWeightArticle": false,
    "IsBio": false,
    "CountryOfOrigin": "BELGIQUE",
    "IsExclusivelySoldInLuxembourg": false,
    "OrderUnit": "P",
    "ShortName": "ZIZI ORIGINAL 10% 1L",
    "AlcoholDisclaimermsg": true,
    "IsNew": false,
    "amountUnit": "kg",
    "CountryOfOriginISO": "BE",
    "EcoscoreLabel": "E",
    "ShowAlcoholLegalMsg": true,
    "LongName": "ZIZI COIN COIN Original 10%vol 1L",
    "RecentQuanityOfStockUnits": "1,6",
    "AlcoholVolume": "10",
    "FicCode": "E",
    "EcoscoreValue": "18"
  },
  {
    "technicalArticleNumber": "2513611",
    "commercialArticleNumber": "12539",
    "gtin": [
      "08002230350278",
      "08002230000012",
      "05425008641560"
    ],
    "productId": "44012",
    "name": "Aperitivo 11%",
    "description": "*Bitter\n*Ap\u00e9ritif\n*11,0 % vol",
    "brand": "APEROL",
    "seoBrand": "Aperol",
    "thumbNail": "https://static.colruytgroup.com/images/200x200/std.lang.all/61/48/asset-3436148.jpg",
    "fullImage": "https://static.colruytgroup.com/images/500x500/std.lang.all/61/48/asset-3436148.jpg",
    "squareImage": "https://static.colruytgroup.com/images/500x500sq/std.lang.all/61/48/asset-3436148.jpg",
    "content": "1L",
    "price": {
      "basicPrice": 16.35,
      "recommendedQuantity": "1.0",
      "measurementUnitPrice": 16.35,
      "measurementUnit": "L",
      "isRedPrice": false,
      "pricePerUOM": 16.35,
      "activationDate": "04-06-2025",
      "isPromoActive": "Y",
      "priceChangeCode": "H",
      "priceReason": "Promo"
    },
    "isPriceAvailable": true,
    "channelAvailability": [
      "3_BE_STORE",
      "8_BE_STORE",
      "8_LU_STORE",
      "8_BE_COLLECT_NEXT_DAY",
      "8_BE_HOME_DELIVERY",
      "8_BE_HOME_DELIVERY_DRIVER"
    ],
    "businessDomain": "RETAIL_BE",
    "walkRouteSequenceNumber": 937,
    "isAvailable": true,
    "inPromo": true,
    "promotion": [
      {
        "techPromoId": "101157COLR",
        "promotionId": "101157",
        "promotionType": "0",
        "isPersonalized": "N",
        "publicationStartDate": "04-06-2025",
        "publicationEndDate": "17-06-2025",
        "topPromo": false
      }
    ],
    "topCategoryName": "Boissons",
    "topCategoryId": "354",
    "categories": [
      {
        "name": "Boissons",
        "id": "354",
        "children": [
          {
            "name": "Ap\u00e9ritifs",
            "id": "399",
            "children": [
              {
                "name": "Ap\u00e9ritifs/Vins de liqueur",
                "id": "403"
              }
            ]
          }
        ]
      }
    ],
    "IsPrivateLabel": false,
    "amount": {
      "source": "1.0",
      "parsedValue": 1
    },
    "IsBiffe": false,
    "IsWeightArticle": false,
    "WeightconversionFactor": "0",
    "IsBio": false,
    "CountryOfOrigin": "ITALIE",
    "IsExclusivelySoldInLuxembourg": false,
    "OrderUnit": "P",
    "AlcoholDisclaimermsg": true,
    "InSeason": true,
    "ShortName": "APEROL 11%VOL 1L .",
    "IsNew": false,
    "amountUnit": "kg",
    "CountryOfOriginISO": "IT",
    "EcoscoreLabel": "E",
    "ShowAlcoholLegalMsg": true,
    "LongName": "APEROL Aperitivo 11% 1L",
    "RecentQuanityOfStockUnits": "1,6",
    "AlcoholVolume": "11",
    "StartSeasonDate": "05/06/2013",
    "FicCode": "E",
    "EcoscoreValue": "18"
  },
  {
    "technicalArticleNumber": "1008427",
    "commercialArticleNumber": "19016",
    "gtin": [
      "08000040210102",
      "08000040210010",
      "05010103234979",
      "05010103234986"
    ],
    "productId": "4207",
    "name": "Amer 21%",
    "description": "*Bitter\n*Ap\u00e9ritif\n*21,0 % vol",
    "brand": "PICON",
    "seoBrand": "Picon",
    "thumbNail": "https://static.colruytgroup.com/images/200x200/std.lang.all/81/86/asset-378186.jpg",
    "fullImage": "https://static.colruytgroup.com/images/500x500/std.lang.all/81/86/asset-378186.jpg",
    "squareImage": "https://static.colruytgroup.com/images/500x500sq/std.lang.all/81/86/asset-378186.jpg",
    "content": "70cl",
    "price": {
      "basicPrice": 16.99,
      "recommendedQuantity": "1.0",
      "quantityPrice": 15.75,
      "quantityPriceQuantity": "2.0",
      "measurementUnitPrice": 24.28,
      "measurementUnitQuantityPrice": 22.5,
      "measurementUnit": "L",
      "isRedPrice": false,
      "pricePerUOM": 24.28,
      "activationDate": "05-06-2025",
      "recordSource": "Offline",
      "isPromoActive": "N",
      "priceChangeCode": "H",
      "quantityPricePerUOM": 22.5,
      "quantityActivationDate": "05-06-2025",
      "quantityPriceChangeCode": "E",
      "priceReason": "Reaction"
    },
    "isPriceAvailable": true,
    "channelAvailability": [
      "3_BE_STORE",
      "8_BE_STORE",
      "8_LU_STORE",
      "8_BE_COLLECT_NEXT_DAY",
      "8_BE_HOME_DELIVERY",
      "8_BE_HOME_DELIVERY_DRIVER"
    ],
    "businessDomain": "RETAIL_BE",
    "walkRouteSequenceNumber": 940,
    "isAvailable": true,
    "inPromo": false,
    "topCategoryName": "Boissons",
    "topCategoryId": "354",
    "categories": [
      {
        "name": "Boissons",
        "id": "354",
        "children": [
          {
            "name": "Ap\u00e9ritifs",
            "id": "399",
            "children": [
              {
                "name": "Bitters",
                "id": "406"
              }
            ]
          }
        ]
      }
    ],
    "IsPrivateLabel": false,
    "amount": 0.7,
    "IsBiffe": false,
    "WeightconversionFactor": "0",
    "IsWeightArticle": false,
    "IsBio": false,
    "CountryOfOrigin": "ITALIE",
    "IsExclusivelySoldInLuxembourg": false,
    "OrderUnit": "P",
    "ShortName": "PICO AMER 21% 70CL",
    "AlcoholDisclaimermsg": true,
    "IsNew": false,
    "amountUnit": "kg",
    "CountryOfOriginISO": "IT",
    "EcoscoreLabel": "E",
    "ShowAlcoholLegalMsg": true,
    "LongName": "PICON Amer 21% 70cl",
    "RecentQuanityOfStockUnits": "6,1,1",
    "AlcoholVolume": "21",
    "FicCode": "E",
    "EcoscoreValue": "18"
  },
  {
    "technicalArticleNumber": "4778362",
    "commercialArticleNumber": "10922",
    "gtin": [
      "05000281070759",
      "05000281070742"
    ],
    "productId": "980908",
    "name": "Spiced Gold 0,0%",
    "brand": "CAPTAIN MORGAN",
    "seoBrand": "Captain Morgan",
    "thumbNail": "https://static.colruytgroup.com/images/200x200/std.lang.all/74/96/asset-3377496.jpg",
    "fullImage": "https://static.colruytgroup.com/images/500x500/std.lang.all/74/96/asset-3377496.jpg",
    "squareImage": "https://static.colruytgroup.com/images/500x500sq/std.lang.all/74/96/asset-3377496.jpg",
    "content": "70cl",
    "price": {
      "basicPrice": 16.99,
      "recommendedQuantity": "1.0",
      "measurementUnitPrice": 24.28,
      "measurementUnit": "L",
      "isRedPrice": false,
      "pricePerUOM": 24.28,
      "activationDate": "04-06-2025",
      "recordSource": "Online",
      "isPromoActive": "N",
      "priceChangeCode": "E",
      "priceReason": "Reaction"
    },
    "isPriceAvailable": true,
    "channelAvailability": [
      "8_BE_STORE",
      "8_LU_STORE",
      "8_BE_COLLECT_NEXT_DAY",
      "8_BE_HOME_DELIVERY_DRIVER"
    ],
    "businessDomain": "RETAIL_BE",
    "walkRouteSequenceNumber": 614,
    "isAvailable": true,
    "inPromo": false,
    "topCategoryName": "Boissons",
    "topCategoryId": "354",
    "categories": [
      {
        "name": "Boissons",
        "id": "354",
        "children": [
          {
            "name": "Ap\u00e9ritifs",
            "id": "399",
            "children": [
              {
                "name": "Ap\u00e9ritifs sans alcool",
                "id": "411"
              }
            ]
          }
        ]
      }
    ],
    "IsPrivateLabel": false,
    "amount": 0.7,
    "IsBiffe": false,
    "WeightconversionFactor": "0",
    "IsWeightArticle": false,
    "nutriscoreLabel": "C",
    "IsBio": false,
    "CountryOfOrigin": "ITALIE",
    "IsExclusivelySoldInLuxembourg": false,
    "OrderUnit": "P",
    "ShortName": "CAMO SPICED 0.0% 70CL",
    "AlcoholDisclaimermsg": false,
    "IsNew": false,
    "amountUnit": "kg",
    "CountryOfOriginISO": "IT",
    "ShowAlcoholLegalMsg": false,
    "LongName": "CAPTAIN MORGAN Spiced Gold 0,0% 70cl",
    "RecentQuanityOfStockUnits": "1",
    "AlcoholVolume": "0",
    "FicCode": "E"
  },
  {
    "technicalArticleNumber": "4887120",
    "commercialArticleNumber": "39289",
    "gtin": [
      "07630040408707",
      "07630040408370"
    ],
    "productId": "1264037",
    "name": "Bianco",
    "description": "*Vermouth\n*Ap\u00e9ritif\n*14,5 % vol",
    "brand": "MARTINI",
    "seoBrand": "Martini",
    "thumbNail": "https://static.colruytgroup.com/images/200x200/std.lang.all/03/94/asset-3850394.jpg",
    "fullImage": "https://static.colruytgroup.com/images/500x500/std.lang.all/03/94/asset-3850394.jpg",
    "squareImage": "https://static.colruytgroup.com/images/500x500sq/std.lang.all/03/94/asset-3850394.jpg",
    "content": "1,5L",
    "price": {
      "basicPrice": 16.99,
      "recommendedQuantity": "1.0",
      "measurementUnitPrice": 11.33,
      "measurementUnit": "L",
      "isRedPrice": false,
      "pricePerUOM": 11.33,
      "activationDate": "09-05-2025",
      "recordSource": "Offline",
      "isPromoActive": "N",
      "priceChangeCode": "L",
      "priceReason": "Reaction"
    },
    "isPriceAvailable": true,
    "channelAvailability": [
      "8_BE_STORE",
      "8_LU_STORE",
      "8_BE_COLLECT_NEXT_DAY",
      "8_BE_HOME_DELIVERY",
      "8_BE_HOME_DELIVERY_DRIVER"
    ],
    "businessDomain": "RETAIL_BE",
    "walkRouteSequenceNumber": 934,
    "isAvailable": true,
    "inPromo": false,
    "topCategoryName": "Boissons",
    "topCategoryId": "354",
    "categories": [
      {
        "name": "Boissons",
        "id": "354",
        "children": [
          {
            "name": "Ap\u00e9ritifs",
            "id": "399",
            "children": [
              {
                "name": "Vermouth",
                "id": "405"
              }
            ]
          }
        ]
      }
    ],
    "IsPrivateLabel": false,
    "amount": 1.571,
    "IsBiffe": false,
    "IsWeightArticle": false,
    "WeightconversionFactor": "0",
    "IsBio": false,
    "CountryOfOrigin": "ITALIE",
    "IsExclusivelySoldInLuxembourg": false,
    "OrderUnit": "P",
    "AlcoholDisclaimermsg": true,
    "ShortName": "MART BIANCO 14.5% 1.5L",
    "IsNew": false,
    "amountUnit": "kg",
    "CountryOfOriginISO": "IT",
    "servings": {
      "source": "25.0",
      "parsedValue": 25
    },
    "EcoscoreLabel": "C",
    "ShowAlcoholLegalMsg": true,
    "LongName": "MARTINI Bianco 1,5L",
    "RecentQuanityOfStockUnits": "6,1",
    "AlcoholVolume": "14.5",
    "FicCode": "E",
    "EcoscoreValue": "40"
  },
  {
    "technicalArticleNumber": "4887185",
    "commercialArticleNumber": "39291",
    "gtin": [
      "07630040408530",
      "07630040408912"
    ],
    "productId": "1264102",
    "name": "Rosso",
    "description": "*Vermouth\n*Ap\u00e9ritif\n*14,5 % vol",
    "brand": "MARTINI",
    "seoBrand": "Martini",
    "thumbNail": "https://static.colruytgroup.com/images/200x200/std.lang.all/03/95/asset-3850395.jpg",
    "fullImage": "https://static.colruytgroup.com/images/500x500/std.lang.all/03/95/asset-3850395.jpg",
    "squareImage": "https://static.colruytgroup.com/images/500x500sq/std.lang.all/03/95/asset-3850395.jpg",
    "content": "1,5L",
    "price": {
      "basicPrice": 16.99,
      "recommendedQuantity": "1.0",
      "measurementUnitPrice": 11.33,
      "measurementUnit": "L",
      "isRedPrice": false,
      "pricePerUOM": 11.33,
      "activationDate": "08-05-2025",
      "recordSource": "Offline",
      "isPromoActive": "N",
      "priceChangeCode": "L",
      "priceReason": "Reaction"
    },
    "isPriceAvailable": true,
    "channelAvailability": [
      "8_BE_STORE",
      "8_LU_STORE",
      "8_BE_COLLECT_NEXT_DAY",
      "8_BE_HOME_DELIVERY",
      "8_BE_HOME_DELIVERY_DRIVER"
    ],
    "businessDomain": "RETAIL_BE",
    "walkRouteSequenceNumber": 931,
    "isAvailable": true,
    "inPromo": false,
    "topCategoryName": "Boissons",
    "topCategoryId": "354",
    "categories": [
      {
        "name": "Boissons",
        "id": "354",
        "children": [
          {
            "name": "Ap\u00e9ritifs",
            "id": "399",
            "children": [
              {
                "name": "Vermouth",
                "id": "405"
              }
            ]
          }
        ]
      }
    ],
    "IsPrivateLabel": false,
    "amount": 1.559,
    "IsBiffe": false,
    "IsWeightArticle": false,
    "WeightconversionFactor": "0",
    "IsBio": false,
    "CountryOfOrigin": "ITALIE",
    "IsExclusivelySoldInLuxembourg": false,
    "OrderUnit": "P",
    "AlcoholDisclaimermsg": true,
    "ShortName": "MART ROSSO 14.5% 1.5L",
    "IsNew": false,
    "amountUnit": "kg",
    "CountryOfOriginISO": "IT",
    "servings": {
      "source": "25.0",
      "parsedValue": 25
    },
    "EcoscoreLabel": "C",
    "ShowAlcoholLegalMsg": true,
    "LongName": "MARTINI Rosso 1,5L",
    "RecentQuanityOfStockUnits": "1,6",
    "AlcoholVolume": "14.5",
    "FicCode": "E",
    "EcoscoreValue": "40"
  },
  {
    "technicalArticleNumber": "3770461",
    "commercialArticleNumber": "16489",
    "gtin": [
      "15400141103776",
      "05400141103779"
    ],
    "productId": "326683",
    "name": "pastis 40%",
    "description": "*Pastis\n*40,0 % vol",
    "brand": "MARIE GALANTE",
    "seoBrand": "Marie Galante",
    "thumbNail": "https://static.colruytgroup.com/images/200x200/std.lang.all/80/91/asset-1558091.jpg",
    "fullImage": "https://static.colruytgroup.com/images/500x500/std.lang.all/80/91/asset-1558091.jpg",
    "squareImage": "https://static.colruytgroup.com/images/500x500sq/std.lang.all/80/91/asset-1558091.jpg",
    "content": "1L",
    "price": {
      "basicPrice": 17.99,
      "recommendedQuantity": "1.0",
      "measurementUnitPrice": 17.99,
      "measurementUnit": "L",
      "isRedPrice": false,
      "pricePerUOM": 17.99,
      "activationDate": "02-08-2024",
      "recordSource": "Offline",
      "isPromoActive": "N",
      "priceChangeCode": "E",
      "priceReason": "Reaction"
    },
    "isPriceAvailable": true,
    "channelAvailability": [
      "3_BE_STORE",
      "8_BE_STORE",
      "8_LU_STORE",
      "8_BE_COLLECT_NEXT_DAY",
      "8_BE_HOME_DELIVERY",
      "8_BE_HOME_DELIVERY_DRIVER"
    ],
    "businessDomain": "RETAIL_BE",
    "walkRouteSequenceNumber": 971,
    "isAvailable": true,
    "inPromo": false,
    "topCategoryName": "Boissons",
    "topCategoryId": "354",
    "categories": [
      {
        "name": "Boissons",
        "id": "354",
        "children": [
          {
            "name": "Ap\u00e9ritifs",
            "id": "399",
            "children": [
              {
                "name": "Pastis/Anisette",
                "id": "404"
              }
            ]
          }
        ]
      }
    ],
    "IsPrivateLabel": true,
    "amount": {
      "source": "1.0",
      "parsedValue": 1
    },
    "IsBiffe": false,
    "WeightconversionFactor": "0",
    "IsWeightArticle": false,
    "IsBio": false,
    "CountryOfOrigin": "BELGIQUE",
    "IsExclusivelySoldInLuxembourg": false,
    "OrderUnit": "P",
    "ShortName": "M.GAL PASTIS 40% 1L",
    "AlcoholDisclaimermsg": true,
    "IsNew": false,
    "amountUnit": "kg",
    "CountryOfOriginISO": "BE",
    "EcoscoreLabel": "C",
    "ShowAlcoholLegalMsg": true,
    "LongName": "MARIE GALANTE pastis 40% 1L",
    "RecentQuanityOfStockUnits": "1,6",
    "AlcoholVolume": "39.7",
    "FicCode": "I",
    "EcoscoreValue": "51"
  },
  {
    "technicalArticleNumber": "4838418",
    "commercialArticleNumber": "37948",
    "gtin": [
      "08013751002546",
      "18013751002543"
    ],
    "productId": "1206835",
    "name": "Grappa dolce 35%",
    "description": "*Grappa",
    "brand": "LE SICILIANE",
    "seoBrand": "Le Siciliane",
    "thumbNail": "https://static.colruytgroup.com/images/200x200/std.lang.all/24/78/asset-3592478.jpg",
    "fullImage": "https://static.colruytgroup.com/images/500x500/std.lang.all/24/78/asset-3592478.jpg",
    "squareImage": "https://static.colruytgroup.com/images/500x500sq/std.lang.all/24/78/asset-3592478.jpg",
    "content": "50cl",
    "price": {
      "basicPrice": 17.99,
      "recommendedQuantity": "1.0",
      "quantityPrice": 17.27,
      "quantityPriceQuantity": "3.0",
      "measurementUnitPrice": 35.98,
      "measurementUnitQuantityPrice": 34.54,
      "measurementUnit": "L",
      "isRedPrice": false,
      "pricePerUOM": 35.98,
      "activationDate": "02-01-2025",
      "isPromoActive": "N",
      "priceChangeCode": "H",
      "quantityPricePerUOM": 34.54,
      "quantityActivationDate": "02-01-2025",
      "quantityPriceChangeCode": "E",
      "priceReason": "FALLBACK"
    },
    "isPriceAvailable": true,
    "channelAvailability": [
      "8_BE_STORE",
      "8_LU_STORE",
      "8_BE_COLLECT_NEXT_DAY",
      "8_BE_HOME_DELIVERY_DRIVER"
    ],
    "businessDomain": "RETAIL_BE",
    "walkRouteSequenceNumber": 911,
    "isAvailable": true,
    "inPromo": true,
    "promotion": [
      {
        "techPromoId": "1044COLR",
        "promotionId": "1044",
        "promotionType": "3",
        "isPersonalized": "N",
        "publicationStartDate": "26-05-2025",
        "publicationEndDate": "30-06-2025",
        "topPromo": false
      }
    ],
    "topCategoryName": "Boissons",
    "topCategoryId": "354",
    "categories": [
      {
        "name": "Boissons",
        "id": "354",
        "children": [
          {
            "name": "Ap\u00e9ritifs",
            "id": "399",
            "children": [
              {
                "name": "Ap\u00e9ritifs/Vins de liqueur",
                "id": "403"
              }
            ]
          }
        ]
      }
    ],
    "IsPrivateLabel": false,
    "amount": 0.5,
    "IsBiffe": false,
    "WeightconversionFactor": "0",
    "IsWeightArticle": false,
    "IsBio": false,
    "CountryOfOrigin": "ITALIE",
    "IsExclusivelySoldInLuxembourg": false,
    "OrderUnit": "P",
    "ShortName": "SICI GRAPPA DOLC35%50CL",
    "AlcoholDisclaimermsg": true,
    "IsNew": false,
    "amountUnit": "kg",
    "CountryOfOriginISO": "IT",
    "EcoscoreLabel": "E",
    "ShowAlcoholLegalMsg": true,
    "LongName": "LE SICILIANE Grappa dolce 35% 50cl",
    "RecentQuanityOfStockUnits": "1",
    "AlcoholVolume": "35",
    "FicCode": "E",
    "EcoscoreValue": "18"
  },
  {
    "technicalArticleNumber": "4839869",
    "commercialArticleNumber": "38007",
    "gtin": [
      "05425036320468",
      "05425036320475"
    ],
    "productId": "1211794",
    "name": "Non-Alcoholic Gin 0,0%",
    "description": "*Alcoholvrije Gin\n* 0%",
    "brand": "COPPERHEAD",
    "seoBrand": "Copperhead",
    "thumbNail": "https://static.colruytgroup.com/images/200x200/std.lang.all/33/40/asset-3683340.jpg",
    "fullImage": "https://static.colruytgroup.com/images/500x500/std.lang.all/33/40/asset-3683340.jpg",
    "squareImage": "https://static.colruytgroup.com/images/500x500sq/std.lang.all/33/40/asset-3683340.jpg",
    "content": "50cl",
    "price": {
      "basicPrice": 22.45,
      "recommendedQuantity": "1.0",
      "measurementUnitPrice": 44.9,
      "measurementUnit": "L",
      "isRedPrice": true,
      "redPriceReason": "Promo",
      "referencePrice": 24.89,
      "retentionPeriod": 30,
      "pricePerUOM": 44.9,
      "activationDate": "04-06-2025",
      "isPromoActive": "Y",
      "priceChangeCode": "L",
      "priceReason": "Promo"
    },
    "isPriceAvailable": true,
    "channelAvailability": [
      "8_BE_STORE",
      "8_LU_STORE",
      "8_BE_COLLECT_NEXT_DAY",
      "8_BE_HOME_DELIVERY_DRIVER"
    ],
    "businessDomain": "RETAIL_BE",
    "walkRouteSequenceNumber": 611,
    "isAvailable": true,
    "inPromo": false,
    "topCategoryName": "Boissons",
    "topCategoryId": "354",
    "categories": [
      {
        "name": "Boissons",
        "id": "354",
        "children": [
          {
            "name": "Ap\u00e9ritifs",
            "id": "399",
            "children": [
              {
                "name": "Ap\u00e9ritifs sans alcool",
                "id": "411"
              }
            ]
          }
        ]
      }
    ],
    "IsPrivateLabel": false,
    "amount": 0.5,
    "IsBiffe": false,
    "WeightconversionFactor": "0",
    "IsWeightArticle": false,
    "IsBio": false,
    "CountryOfOrigin": "BELGIQUE",
    "IsExclusivelySoldInLuxembourg": false,
    "OrderUnit": "P",
    "ShortName": "COPPERHEAD GIN 0% 50CL",
    "AlcoholDisclaimermsg": false,
    "IsNew": false,
    "amountUnit": "kg",
    "CountryOfOriginISO": "BE",
    "ShowAlcoholLegalMsg": false,
    "LongName": "COPPERHEAD Non-Alcoholic Gin 0,0% 50cl",
    "RecentQuanityOfStockUnits": "1",
    "AlcoholVolume": "0",
    "FicCode": "E"
  },
  {
    "technicalArticleNumber": "4661717",
    "commercialArticleNumber": "29840",
    "gtin": [
      "05430002434995",
      "05430002434971"
    ],
    "productId": "825100",
    "name": "N\u00b03 Lilly Bio",
    "description": "*Concentr\u00e9 de\ngingembre\n*Fruit de la\npassion, ananas et\ncurcuma",
    "brand": "GIMBER",
    "seoBrand": "Gimber",
    "thumbNail": "https://static.colruytgroup.com/images/200x200/std.lang.all/47/04/asset-3734704.jpg",
    "fullImage": "https://static.colruytgroup.com/images/500x500/std.lang.all/47/04/asset-3734704.jpg",
    "squareImage": "https://static.colruytgroup.com/images/500x500sq/std.lang.all/47/04/asset-3734704.jpg",
    "content": "50cl",
    "price": {
      "basicPrice": 23.49,
      "recommendedQuantity": "1.0",
      "measurementUnitPrice": 46.98,
      "measurementUnit": "L",
      "isRedPrice": false,
      "pricePerUOM": 46.98,
      "activationDate": "30-05-2025",
      "recordSource": "Offline",
      "isPromoActive": "N",
      "priceChangeCode": "H",
      "priceReason": "Reaction"
    },
    "isPriceAvailable": true,
    "channelAvailability": [
      "1_BE_STORE",
      "8_BE_STORE",
      "1_BE_COLLECT_NEXT_DAY",
      "8_BE_COLLECT_NEXT_DAY",
      "8_BE_HOME_DELIVERY",
      "8_BE_HOME_DELIVERY_DRIVER"
    ],
    "businessDomain": "RETAIL_BE",
    "walkRouteSequenceNumber": 594,
    "isAvailable": true,
    "inPromo": true,
    "promotion": [
      {
        "techPromoId": "101154COLR",
        "promotionId": "101154",
        "promotionType": "4",
        "isPersonalized": "N",
        "publicationStartDate": "04-06-2025",
        "publicationEndDate": "17-06-2025",
        "topPromo": false
      }
    ],
    "topCategoryName": "Boissons",
    "topCategoryId": "354",
    "categories": [
      {
        "name": "Boissons",
        "id": "354",
        "children": [
          {
            "name": "Ap\u00e9ritifs",
            "id": "399",
            "children": [
              {
                "name": "Ap\u00e9ritifs sans alcool",
                "id": "411"
              }
            ]
          }
        ]
      }
    ],
    "IsPrivateLabel": false,
    "amount": 0.542,
    "IsBiffe": false,
    "IsWeightArticle": false,
    "WeightconversionFactor": "0",
    "nutriscoreLabel": "C",
    "IsBio": true,
    "CountryOfOrigin": "BELGIQUE",
    "IsExclusivelySoldInLuxembourg": false,
    "OrderUnit": "P",
    "InSeason": true,
    "ShortName": "GIMB N3 LILLY BIO 50CL",
    "IsNew": false,
    "amountUnit": "kg",
    "CountryOfOriginISO": "BE",
    "servings": {
      "source": "25.0",
      "parsedValue": 25
    },
    "EcoscoreLabel": "A",
    "LongName": "GIMBER N\u00b03 Lilly Bio 50cl",
    "RecentQuanityOfStockUnits": "1",
    "StartSeasonDate": "04/01/2023",
    "FicCode": "E",
    "EcoscoreValue": "89"
  },
  {
    "technicalArticleNumber": "4754819",
    "commercialArticleNumber": "4309",
    "gtin": [
      "05430001512229",
      "05430001512205"
    ],
    "productId": "892863",
    "name": "Ginger Premium Non-Alc. Spirit",
    "description": "*Sans alcool",
    "brand": "NONA",
    "seoBrand": "Nona",
    "thumbNail": "https://static.colruytgroup.com/images/200x200/std.lang.all/55/30/asset-3335530.jpg",
    "fullImage": "https://static.colruytgroup.com/images/500x500/std.lang.all/55/30/asset-3335530.jpg",
    "squareImage": "https://static.colruytgroup.com/images/500x500sq/std.lang.all/55/30/asset-3335530.jpg",
    "content": "70cl",
    "price": {
      "basicPrice": 24.99,
      "recommendedQuantity": "1.0",
      "measurementUnitPrice": 35.7,
      "measurementUnit": "L",
      "isRedPrice": false,
      "pricePerUOM": 35.7,
      "activationDate": "23-04-2025",
      "recordSource": "Offline",
      "isPromoActive": "Y",
      "priceChangeCode": "E",
      "priceReason": "Reaction"
    },
    "isPriceAvailable": true,
    "channelAvailability": [
      "8_BE_STORE",
      "8_LU_STORE",
      "8_BE_COLLECT_NEXT_DAY",
      "8_BE_HOME_DELIVERY",
      "8_BE_HOME_DELIVERY_DRIVER"
    ],
    "businessDomain": "RETAIL_BE",
    "walkRouteSequenceNumber": 607,
    "isAvailable": true,
    "inPromo": false,
    "topCategoryName": "Boissons",
    "topCategoryId": "354",
    "categories": [
      {
        "name": "Boissons",
        "id": "354",
        "children": [
          {
            "name": "Ap\u00e9ritifs",
            "id": "399",
            "children": [
              {
                "name": "Ap\u00e9ritifs sans alcool",
                "id": "411"
              }
            ]
          }
        ]
      }
    ],
    "IsPrivateLabel": false,
    "amount": 0.7,
    "IsBiffe": false,
    "WeightconversionFactor": "0",
    "IsWeightArticle": false,
    "nutriscoreLabel": "D",
    "IsBio": false,
    "CountryOfOrigin": "BELGIQUE",
    "IsExclusivelySoldInLuxembourg": false,
    "OrderUnit": "P",
    "ShortName": "NONA GINGER NON-ALC70CL",
    "AlcoholDisclaimermsg": false,
    "IsNew": false,
    "amountUnit": "kg",
    "CountryOfOriginISO": "BE",
    "ShowAlcoholLegalMsg": false,
    "LongName": "NONA Ginger Premium Non-Alc. Spirit 70cl",
    "RecentQuanityOfStockUnits": "1",
    "AlcoholVolume": "0",
    "FicCode": "E"
  },
  {
    "technicalArticleNumber": "4822074",
    "commercialArticleNumber": "37892",
    "gtin": [
      "05608309007925"
    ],
    "productId": "1141717",
    "name": "Tawny Porto 20Y 20%",
    "description": "*Porto Old Tawny\n*20 ans d'\u00e2ge\n*Ap\u00e9ritif\n*20,0 % vol",
    "brand": "COCKBURN'S",
    "seoBrand": "Cockburn's",
    "thumbNail": "https://static.colruytgroup.com/images/200x200/std.lang.all/52/50/asset-3625250.jpg",
    "fullImage": "https://static.colruytgroup.com/images/500x500/std.lang.all/52/50/asset-3625250.jpg",
    "squareImage": "https://static.colruytgroup.com/images/500x500sq/std.lang.all/52/50/asset-3625250.jpg",
    "content": "75cl",
    "price": {
      "basicPrice": 25.99,
      "recommendedQuantity": "1.0",
      "measurementUnitPrice": 34.66,
      "measurementUnit": "L",
      "isRedPrice": false,
      "pricePerUOM": 34.66,
      "activationDate": "04-06-2025",
      "isPromoActive": "Y",
      "priceChangeCode": "E",
      "priceReason": "Promo"
    },
    "isPriceAvailable": true,
    "channelAvailability": [
      "8_BE_STORE",
      "8_LU_STORE",
      "8_BE_COLLECT_NEXT_DAY",
      "8_BE_HOME_DELIVERY_DRIVER"
    ],
    "businessDomain": "RETAIL_BE",
    "walkRouteSequenceNumber": 707,
    "isAvailable": true,
    "inPromo": true,
    "promotion": [
      {
        "techPromoId": "101273COLR",
        "promotionId": "101273",
        "promotionType": "3",
        "isPersonalized": "N",
        "publicationStartDate": "04-06-2025",
        "publicationEndDate": "17-06-2025",
        "topPromo": false
      }
    ],
    "topCategoryName": "Boissons",
    "topCategoryId": "354",
    "categories": [
      {
        "name": "Boissons",
        "id": "354",
        "children": [
          {
            "name": "Ap\u00e9ritifs",
            "id": "399",
            "children": [
              {
                "name": "Porto",
                "id": "400"
              }
            ]
          }
        ]
      }
    ],
    "IsPrivateLabel": false,
    "amount": 0.75,
    "IsBiffe": false,
    "WeightconversionFactor": "0",
    "IsWeightArticle": false,
    "IsBio": false,
    "CountryOfOrigin": "PORTUGAL",
    "IsExclusivelySoldInLuxembourg": false,
    "OrderUnit": "P",
    "ShortName": "COCK TAWNY PORT20Y 75CL",
    "AlcoholDisclaimermsg": true,
    "IsNew": false,
    "amountUnit": "kg",
    "CountryOfOriginISO": "PT",
    "EcoscoreLabel": "D",
    "ShowAlcoholLegalMsg": true,
    "LongName": "COCKBURN'S Tawny Porto 20Y 20% 75cl",
    "RecentQuanityOfStockUnits": "1",
    "AlcoholVolume": "20",
    "FicCode": "E",
    "EcoscoreValue": "27"
  },
  {
    "technicalArticleNumber": "18127",
    "commercialArticleNumber": "18127",
    "gtin": [
      "08000040000802",
      "03057770000409",
      "03057770000805",
      "05425008641317",
      "13057770000802"
    ],
    "productId": "1326",
    "name": "25,0%vol",
    "description": "*Bitter\n*Ap\u00e9ritif\n*25,0 % vol",
    "brand": "CAMPARI",
    "seoBrand": "Campari",
    "thumbNail": "https://static.colruytgroup.com/images/200x200/std.lang.all/13/71/asset-3241371.jpg",
    "fullImage": "https://static.colruytgroup.com/images/500x500/std.lang.all/13/71/asset-3241371.jpg",
    "squareImage": "https://static.colruytgroup.com/images/500x500sq/std.lang.all/13/71/asset-3241371.jpg",
    "content": "1L",
    "price": {
      "basicPrice": 26.95,
      "recommendedQuantity": "1.0",
      "measurementUnitPrice": 26.95,
      "measurementUnit": "L",
      "isRedPrice": false,
      "pricePerUOM": 26.95,
      "activationDate": "30-04-2025",
      "recordSource": "Online",
      "isPromoActive": "N",
      "priceChangeCode": "H",
      "priceReason": "Reaction"
    },
    "isPriceAvailable": true,
    "channelAvailability": [
      "3_BE_STORE",
      "8_BE_STORE",
      "8_LU_STORE",
      "8_BE_COLLECT_NEXT_DAY",
      "8_BE_HOME_DELIVERY",
      "8_BE_HOME_DELIVERY_DRIVER"
    ],
    "businessDomain": "RETAIL_BE",
    "walkRouteSequenceNumber": 939,
    "isAvailable": true,
    "inPromo": false,
    "topCategoryName": "Boissons",
    "topCategoryId": "354",
    "categories": [
      {
        "name": "Boissons",
        "id": "354",
        "children": [
          {
            "name": "Ap\u00e9ritifs",
            "id": "399",
            "children": [
              {
                "name": "Bitters",
                "id": "406"
              }
            ]
          }
        ]
      }
    ],
    "IsPrivateLabel": false,
    "amount": {
      "source": "1.0",
      "parsedValue": 1
    },
    "IsBiffe": false,
    "IsWeightArticle": false,
    "WeightconversionFactor": "0",
    "IsBio": false,
    "CountryOfOrigin": "ITALIE",
    "IsExclusivelySoldInLuxembourg": false,
    "OrderUnit": "P",
    "AlcoholDisclaimermsg": true,
    "ShortName": "BITTER CAMPARI 25% 1L",
    "IsNew": false,
    "amountUnit": "kg",
    "CountryOfOriginISO": "IT",
    "servings": {
      "source": "6.0",
      "parsedValue": 6
    },
    "EcoscoreLabel": "C",
    "ShowAlcoholLegalMsg": true,
    "LongName": "CAMPARI 25,0%vol 1L",
    "RecentQuanityOfStockUnits": "6,1",
    "AlcoholVolume": "25",
    "FicCode": "E",
    "EcoscoreValue": "42"
  },
  {
    "technicalArticleNumber": "18910",
    "commercialArticleNumber": "18910",
    "gtin": [
      "03163937186333",
      "03163937103460",
      "03163937010003",
      "33163937010004"
    ],
    "productId": "1378",
    "name": "pastis de Marseille 45,0%vol",
    "description": "*Pastis\n*45,0 % vol",
    "brand": "RICARD",
    "seoBrand": "Ricard",
    "thumbNail": "https://static.colruytgroup.com/images/200x200/std.lang.all/11/84/asset-971184.jpg",
    "fullImage": "https://static.colruytgroup.com/images/500x500/std.lang.all/11/84/asset-971184.jpg",
    "squareImage": "https://static.colruytgroup.com/images/500x500sq/std.lang.all/11/84/asset-971184.jpg",
    "content": "1L",
    "price": {
      "basicPrice": 27.99,
      "recommendedQuantity": "1.0",
      "measurementUnitPrice": 27.99,
      "measurementUnit": "L",
      "isRedPrice": false,
      "pricePerUOM": 27.99,
      "activationDate": "12-05-2025",
      "recordSource": "Offline",
      "isPromoActive": "N",
      "priceChangeCode": "H",
      "priceReason": "Reaction"
    },
    "isPriceAvailable": true,
    "channelAvailability": [
      "3_BE_STORE",
      "8_BE_STORE",
      "8_LU_STORE",
      "8_BE_COLLECT_NEXT_DAY",
      "8_BE_HOME_DELIVERY",
      "8_BE_HOME_DELIVERY_DRIVER"
    ],
    "businessDomain": "RETAIL_BE",
    "walkRouteSequenceNumber": 970,
    "isAvailable": true,
    "inPromo": false,
    "topCategoryName": "Boissons",
    "topCategoryId": "354",
    "categories": [
      {
        "name": "Boissons",
        "id": "354",
        "children": [
          {
            "name": "Ap\u00e9ritifs",
            "id": "399",
            "children": [
              {
                "name": "Pastis/Anisette",
                "id": "404"
              }
            ]
          }
        ]
      }
    ],
    "IsPrivateLabel": false,
    "amount": {
      "source": "1.0",
      "parsedValue": 1
    },
    "IsBiffe": false,
    "WeightconversionFactor": "0",
    "IsWeightArticle": false,
    "IsBio": false,
    "CountryOfOrigin": "FRANCE",
    "IsExclusivelySoldInLuxembourg": false,
    "OrderUnit": "P",
    "ShortName": "PASTIS RICARD 45 1L",
    "AlcoholDisclaimermsg": true,
    "IsNew": false,
    "amountUnit": "kg",
    "CountryOfOriginISO": "FR",
    "EcoscoreLabel": "D",
    "ShowAlcoholLegalMsg": true,
    "LongName": "RICARD pastis de Marseille 45,0%vol 1L",
    "RecentQuanityOfStockUnits": "1,6",
    "AlcoholVolume": "45",
    "FicCode": "E",
    "EcoscoreValue": "38"
  },
  {
    "technicalArticleNumber": "4580521",
    "commercialArticleNumber": "4187",
    "gtin": [
      "05430001512021",
      "05430001512014"
    ],
    "productId": "782825",
    "name": "June Premium Non-Alc. Spirit",
    "description": "*Sans alcool",
    "brand": "NONA",
    "seoBrand": "Nona",
    "thumbNail": "https://static.colruytgroup.com/images/200x200/std.lang.all/49/92/asset-2764992.jpg",
    "fullImage": "https://static.colruytgroup.com/images/500x500/std.lang.all/49/92/asset-2764992.jpg",
    "squareImage": "https://static.colruytgroup.com/images/500x500sq/std.lang.all/49/92/asset-2764992.jpg",
    "content": "70cl",
    "price": {
      "basicPrice": 28.49,
      "recommendedQuantity": "1.0",
      "measurementUnitPrice": 40.7,
      "measurementUnit": "L",
      "isRedPrice": false,
      "pricePerUOM": 40.7,
      "activationDate": "30-05-2025",
      "recordSource": "Offline",
      "isPromoActive": "Y",
      "priceChangeCode": "H",
      "priceReason": "Reaction"
    },
    "isPriceAvailable": true,
    "channelAvailability": [
      "8_BE_STORE",
      "8_BE_COLLECT_NEXT_DAY",
      "8_BE_HOME_DELIVERY_DRIVER"
    ],
    "businessDomain": "RETAIL_BE",
    "walkRouteSequenceNumber": 606,
    "isAvailable": true,
    "inPromo": false,
    "topCategoryName": "Boissons",
    "topCategoryId": "354",
    "categories": [
      {
        "name": "Boissons",
        "id": "354",
        "children": [
          {
            "name": "Ap\u00e9ritifs",
            "id": "399",
            "children": [
              {
                "name": "Ap\u00e9ritifs sans alcool",
                "id": "411"
              }
            ]
          }
        ]
      }
    ],
    "IsPrivateLabel": false,
    "amount": 0.7,
    "IsBiffe": false,
    "WeightconversionFactor": "0",
    "IsWeightArticle": false,
    "nutriscoreLabel": "B",
    "IsBio": false,
    "CountryOfOrigin": "BELGIQUE",
    "IsExclusivelySoldInLuxembourg": false,
    "OrderUnit": "P",
    "ShortName": "NONA JUNE S.ALCOOL 70CL",
    "AlcoholDisclaimermsg": false,
    "IsNew": false,
    "amountUnit": "kg",
    "CountryOfOriginISO": "BE",
    "ShowAlcoholLegalMsg": false,
    "LongName": "NONA June Premium Non-Alc. Spirit 70cl",
    "RecentQuanityOfStockUnits": "1",
    "AlcoholVolume": "0",
    "FicCode": "E"
  },
  {
    "technicalArticleNumber": "4579587",
    "commercialArticleNumber": "2397",
    "gtin": [
      "05430001512120",
      "05430001512106"
    ],
    "productId": "782460",
    "name": "Spritz Premium Non-Alc. Spirit",
    "description": "*Sans alcool",
    "brand": "NONA",
    "seoBrand": "Nona",
    "thumbNail": "https://static.colruytgroup.com/images/200x200/std.lang.all/46/30/asset-2764630.jpg",
    "fullImage": "https://static.colruytgroup.com/images/500x500/std.lang.all/46/30/asset-2764630.jpg",
    "squareImage": "https://static.colruytgroup.com/images/500x500sq/std.lang.all/46/30/asset-2764630.jpg",
    "content": "70cl",
    "price": {
      "basicPrice": 29.89,
      "recommendedQuantity": "1.0",
      "measurementUnitPrice": 42.7,
      "measurementUnit": "L",
      "isRedPrice": false,
      "pricePerUOM": 42.7,
      "activationDate": "30-05-2025",
      "isPromoActive": "Y",
      "priceChangeCode": "H",
      "priceReason": "Promo"
    },
    "isPriceAvailable": true,
    "channelAvailability": [
      "8_BE_STORE",
      "8_LU_STORE",
      "8_BE_COLLECT_NEXT_DAY",
      "8_BE_HOME_DELIVERY_DRIVER"
    ],
    "businessDomain": "RETAIL_BE",
    "walkRouteSequenceNumber": 605,
    "isAvailable": true,
    "inPromo": false,
    "topCategoryName": "Boissons",
    "topCategoryId": "354",
    "categories": [
      {
        "name": "Boissons",
        "id": "354",
        "children": [
          {
            "name": "Ap\u00e9ritifs",
            "id": "399",
            "children": [
              {
                "name": "Ap\u00e9ritifs sans alcool",
                "id": "411"
              }
            ]
          }
        ]
      }
    ],
    "IsPrivateLabel": false,
    "amount": 0.7,
    "IsBiffe": false,
    "WeightconversionFactor": "0",
    "IsWeightArticle": false,
    "nutriscoreLabel": "B",
    "IsBio": false,
    "CountryOfOrigin": "BELGIQUE",
    "IsExclusivelySoldInLuxembourg": false,
    "OrderUnit": "P",
    "ShortName": "NONA SPRITZ S.ALCOOL70C",
    "IsNew": false,
    "amountUnit": "kg",
    "CountryOfOriginISO": "BE",
    "LongName": "NONA Spritz Premium Non-Alc. Spirit 70cl",
    "RecentQuanityOfStockUnits": "1",
    "FicCode": "E"
  }
]
